@incollection {HW:96,
   author = {Henzinger, T.A. and Wong-Toi, H.},
   title = {Linear phase-portrait approximations for nonlinear hybrid systems},
   booktitle = {Hybrid Systems III},
   series = {LNCS},
   publisher = {Springer},
   isbn = {},
   pages = {377-388},
   volume = {1066},
   year = {1996}
}

@article {HHW:97,
   author = {Henzinger, T.A. and Ho, Pei-Hsin and Wong-Toi, H.},
   title = {{HyTech}:{A} model checker for hybrid systems},
   journal = {International Journal on Software Tools for Technology Transfer (STTT)},
   publisher = {Springer},
   pages = {110-122},
   volume = {1},
   issue = {1},
   year = {1997}
}

@INPROCEEDINGS{HKPV:95,
    author = {T.A. Henzinger and P.W. Kopke and A. Puri and P. Varaiya},
    title = {What's Decidable about Hybrid Automata?},
    booktitle = {Journal of Computer and System Sciences},
    year = {1995},
    pages = {373--382},
    publisher = {ACM Press}
}

@article{Fre:2008,
  author    = {G. Frehse},
  title     = {{PHAVer}: algorithmic verification of hybrid systems past
               {HyTech}},
  journal   = {STTT},
  volume    = {10},
  number    = {3},
  year      = {2008},
  pages     = {263-279},
  ee        = {http://dx.doi.org/10.1007/s10009-007-0062-x},
  bibsource = {DBLP, http://dblp.uni-trier.de}
}

@INPROCEEDINGS{SMF:97,
    author = {T. Stauner and O. M\"uller and M. Fuchs},
    title = {Using {HyTech} to Verify an Automotive Control System},
    booktitle = {In Proc. Hybrid and Real-Time Systems (HART)},
    series = {LNCS},
    volume = {1201},
    year = {1997},
    pages = {139--153},
    publisher = {Springer}
}

@inproceedings{HW:96b,
 author = {Henzinger, T.A. and Wong-Toi, H.},
 title = {Using {HyTech} to Synthesize Control Parameters for a Steam Boiler},
 booktitle = {Formal Methods for Industrial Applications, Specifying and Programming the Steam Boiler Control},
 year = {1996},
 pages = {265--282},
 publisher = {Springer},
 }


@inproceedings{AF:2010,
  	author =	{Andr{\'e}, E. and Fribourg, L.},
  	booktitle =	{Proc. of the Workshop on Reachability Problems in Computational Models (RP)},
  	pages =	{76-90},
  	publisher =	{Springer},
  	series =	{LNCS},
  	title =	{Behavioral Cartography of Timed Automata},
  	volume =	{6227},
  	year =	{2010},
}



@inproceedings{And:2009,
  	author =	{Andr{\'e}, E.},
  	booktitle =	{Proc. of the Int'l Colloquium on Theoretical Aspects of Computing (ICTAC)},
  	pages =	{336-342},
  	publisher =	{Springer},
  	series =	{LNCS},
  	title =	{{IMITATOR}: A~Tool for Synthesizing Constraints on Timing Bounds of Timed Automata},
  	volume =	{5684},
  	year =	{2009},
}

@inproceedings{And:2010,
  	author =	{Andr{\'e}, {\'E}tienne},
  	booktitle =	{{P}roceedings of the 12th {I}nternational {W}orkshops on {V}erification of {I}nfinite {S}tate {S}ystems ({INFINITY}'10)},
  	DOI =	{10.4204/EPTCS.39.7},
  	month =	sep,
  	pages =	{91-99},
  	series =	{Electronic Proceedings in Theoretical Computer Science},
  	title =	{{IMITATOR~II}: A~Tool for Solving the Good Parameters Problem in Timed Automata},
  	url =	{http://www.lsv.ens-cachan.fr/Publis/PAPERS/PDF/andre-infinity10.pdf},
  	volume =	{39},
  	year =	{2010},
}

@article{ACEF:2009,
  	author =	{Andr{\'e}, E. and Chatain, T. and Encrenaz, E. and Fribourg, L.},
  	journal =	{International Journal of Foundations of Computer Science},
  	month =	oct,
  	number =	{5},
  	pages =	{819-836},
  	publisher =	{World Scientific},
  	title =	{An Inverse Method for Parametric Timed Automata},
  	url =	{http://www.lsv.ens-cachan.fr/Publis/PAPERS/PDF/ACEF-ijfcs09.pdf},
  	volume =	{20},
  	year =	{2009},
}

@INPROCEEDINGS{Fre:2006,
    author = {G. Frehse and B.H. Krogh and R.A. Rutenbar},
    title = {Verifying Analog Oscillator Circuits Using Forward/Backward Abstraction Refinement},
    booktitle = {Design, Automation and Test in Europe (DATE)},
    year = {2006},
    pages = {257--262}
}


@INPROCEEDINGS{DDM:2004,
    author = {T. Dang and R. Donzé and O. Maler},
    title = {Verification of analog and mixed-signal circuits using hybrid systems techniques},
    booktitle = {Formal Methods in Computer-Aided Design (FMCAD)},
    year = {2004},
    pages = {21--36}
}

@inproceedings{FJK:2008,
  author    = {G. Frehse and
               S.K. Jha and
               B.H. Krogh},
  title     = {A Counterexample-Guided Approach to Parameter Synthesis
               for Linear Hybrid Automata},
  booktitle = {Workshop on Hybrid Systems: Computation and Control (HSCC)},
  year      = {2008},
  pages     = {187-200},
  ee        = {http://dx.doi.org/10.1007/978-3-540-78929-1_14},
  series    = {LNCS},
  volume    = {4981},
  publisher = {Springer},
 
  bibsource = {DBLP, http://dblp.uni-trier.de}
}

@incollection {ACH+:94,
   author = {Alur, R. and Courcoubetis, C. and Henzinger, T. and Ho, P. and Nicollin, X. and Olivero, A. and Sifakis, J. and Yovine, S.},
   title = {The algorithmic analysis of hybrid systems},
   booktitle = {Int'l Conf. on Analysis and Optimization of Systems Discrete Event Systems},
   series = {Lecture Notes in Control and Information Sciences},
   publisher = {Springer},
   pages = {329--351},
   volume = {199},
   year = {1994}
}

@INPROCEEDINGS{HPR:97,
    author = {N. Halbwachs and Y.-E. Proy and P. Roumanoff},
    title = {Verification of Real-Time Systems using Linear Relation Analysis},
    booktitle = {Formal Methods In System Design},
    year = {1997},
    pages = {157--185}
}

@inproceedings{HRSV:2001,
  author    = {T. Hune and
               J. Romijn and
               M. Stoelinga and
               F.W. Vaandrager},
  title     = {Linear Parametric Model Checking of Timed Automata},
  booktitle = {TACAS},
  year      = {2001},
  pages     = {189-203},
  ee        = {http://link.springer.de/link/service/series/0558/bibs/2031/20310189.htm},
  bibsource = {DBLP, http://dblp.uni-trier.de}
}

@Article{BHZ:2008,
  Author = "R. Bagnara and P.M. Hill and E. Zaffanella",
  Title = "The {Parma Polyhedra Library}: Toward a Complete Set of Numerical
           Abstractions for the Analysis and Verification
           of Hardware and Software Systems",
  Journal = "Science of Computer Programming",
  Volume = 72,
  Number = "1--2",
  Pages = "3--21",
  Publisher = "Elsevier",
  Year = 2008
}

@Article{BHZ:2009,
  Author = "R. Bagnara and P.M. Hill and E. Zaffanella",
  Title = "Applications of Polyhedral Computations to the Analysis
           and Verification of Hardware and Software Systems",
  Journal = "Theoretical Computer Science",
  Volume = 410,
  Number = 46,
  Pages = "4672--4691",
  Publisher = "Elsevier",
  Year = 2009
}

@INPROCEEDINGS{FI:2004,
    author = {A. Fehnker and F. Ivancic},
    title = {Benchmarks for Hybrid Systems Verification},
    booktitle = {Hybrid Systems: Computation and Control (HSCC)},
    year = {2004},
    pages = {326--341},
    publisher = {Springer}
}

@inproceedings{AKRS:2008,
 author = {Alur, R. and Kanade, A. and Ramesh, S. and Shashidhar, K.C.},
 title = {Symbolic analysis for improving simulation coverage of Simulink/Stateflow models},
 booktitle = {Proc. of the ACM int'l conf. on Embedded software (EMSOFT)},
 year = {2008},
 pages = {89--98},
 doi = {http://doi.acm.org/10.1145/1450058.1450071},
 }

@INPROCEEDINGS{SK:2000,
  author = {B.I. Silva and B.H. Krogh},
  title = {Modeling and verification of sampled-data hybrid systems},
  booktitle = {Proc. of the Int'l Conf. on Automation of Mixed Processes - Hybrid Dynamic Systems (ADPM)},
  year = {2000},
}

@inproceedings{CH:78,
  author    = {P. Cousot and
               N. Halbwachs},
  title     = {Automatic Discovery of Linear Restraints Among Variables
               of a Program},
  booktitle = {POPL},
  year      = {1978},
  pages     = {84-96},
  ee        = {http://doi.acm.org/10.1145/512760.512770},
  bibsource = {DBLP, http://dblp.uni-trier.de}
}

@incollection {JFG+:2007,
   author = {Julius, A. and Fainekos, Georgios and Anand, Madhukar and Lee, Insup and Pappas, George},
   title = {Robust Test Generation and Coverage for Hybrid Systems},
   booktitle = {Hybrid Systems: Computation and Control},
   series = {LNCS},
   publisher = {Springer},
   pages = {329-342},
   volume = {4416},
   year = {2007}
}