@article{cc07,
 author = {Claris\'{o}, R. and Cortadella, J.},
 title = {The octahedron abstract domain},
 journal = {Sci. Comput. Program.},
 volume = {64},
 number = {1},
 year = {2007},
 issn = {0167-6423},
 pages = {115--139},
 doi = {http://dx.doi.org/10.1016/j.scico.2006.03.009},
 publisher = {Elsevier North-Holland, Inc.},
 address = {Amsterdam, The Netherlands, The Netherlands},
 }

 
 
 
 @inproceedings{AFKS12,
  	author =	{Andr\'e, {\'E}tienne and Fribourg, Laurent and K\"uhne, Ulrich and Soulat, Romain},
  	booktitle =	{FM'12},
  	month =	aug,
   	publisher =	{Springer},
  	series =	{LNCS},
  	title =	{{IMITATOR} 2.5: A Tool for Analyzing Robustness in Scheduling Problems},
  	year =	{2012},
   	note = {To appear},
}



@inproceedings{AFS12,
  	author =	{Andr\'e, {\'E}tienne and Fribourg, Laurent and Soulat, Romain},
  	booktitle =	{NFM'12},
	pages =	{100-105}, 
	publisher =	{Springer},
  	series =	{LNCS},
  	title =	{Enhancing the Inverse Method with State Merging},
  	url =	{http://www.lsv.ens-cachan.fr/Publis/PAPERS/PDF/AFS-nfm12.pdf},
  	volume =	{7226}, 
  	year =	{2012},
   	lipn-category = "intc",
}



@misc{AK12,
  	author =	{Andr\'e, {\'E}tienne and K{\"u}hne, Ulrich},
  	booktitle =	{Posters \& Tool demos Session of iFM'12},
  	howpublished =	{Tool paper and poster},
	pages =	{16-19}, 
	publisher =	{CNR and ISTI},
  	title =	{Parametric Analysis of Hybrid Systems Using {HyMITATOR}},
  	url =	{http://puma.isti.cnr.it/linkdoc.php?icode=2012-ED-001&authority=cnr.isti&collection=cnr.isti},
  	year =	{2012},
   	lipn-category = "autc",
}



@inproceedings{AS11,
  	author =	{Andr{\'e}, {\'E}tienne and Soulat, Romain},
  	booktitle =	{RP'11},
  	pages =	{31-44},
  	publisher =	{Springer},
  	series =	{LNCS},
  	title =	{Synthesis of Timing Parameters Satisfying Safety Properties},
  	url =	{http://www.lsv.ens-cachan.fr/Publis/PAPERS/PDF/AS-RP11.pdf},
  	volume =	{6945},
  	year =	{2011},
  	lipn-category = "intc",
  	lipn-time = {ant},
}



@inproceedings{AF-rp10,
  	author =	{Andr{\'e}, {\'E}tienne and Fribourg, Laurent},
  	booktitle =	{RP'10},
  	DOI =	{10.1007/978-3-642-15349-5_5},
  	month =	aug,
  	pages =	{76-90},
  	publisher =	{Springer},
  	series =	{LNCS},
  	title =	{Behavioral Cartography of Timed Automata},
  	url =	{http://www.lsv.ens-cachan.fr/Publis/PAPERS/PDF/AF-rp10.pdf},
  	volume =	{6227},
  	year =	{2010},
	lipn-category = {intc},
	lipn-time = {ant},
}

@phdthesis{andre-phd2010,
  	author =	{Andr{\'e}, {\'E}tienne},
  	month =	dec,
  	school =	{Laboratoire Sp{\'e}cification et V{\'e}rification, ENS Cachan, France},
  	type =	{Th{\`e}se de doctorat},
  	title =	{An Inverse Method for the Synthesis of Timing Parameters in Concurrent Systems},
  	url =	{http://www.lsv.ens-cachan.fr/Publis/PAPERS/PDF/andre-phd.pdf},
  	year =	{2010},
	lipn-category = {thes},
	lipn-time = {ant},
}

@article{ACEF09,
  	author =	{Andr{\'e}, {\'E}tienne and Chatain, {\relax Th}omas and Encrenaz, Emmanuelle and Fribourg, Laurent},
  	DOI =	{10.1142/S0129054109006905},
  	journal =	{International Journal of Foundations of Computer Science},
  	month =	oct,
  	number =	{5},
  	pages =	{819-836},
  	publisher =	{World Scientific},
  	title =	{An Inverse Method for Parametric Timed Automata},
  	url =	{http://www.lsv.ens-cachan.fr/Publis/PAPERS/PDF/ACEF-ijfcs09.pdf},
  	volume =	{20},
  	year =	{2009},
	lipn-category = {jour},
	lipn-time = {ant},
}


@inproceedings{FK11,
  	author =	{Fribourg, Laurent and K{\"u}hne, Ulrich},
  	booktitle =	{RP'11},
  	DOI =	{10.1007/978-3-642-24288-5_17},
  	pages =	{191--204},
  	publisher =	{Springer},
  	series =	{LNCS},
  	title =	{Parametric Verification and Test Coverage for Hybrid Automata Using the Inverse Method},
  	url =	{http://www.lsv.ens-cachan.fr/Publis/PAPERS/PDF/FK-RP11.pdf},
  	volume =	{6945},
  	year =	{2011},
}


@inproceedings{FLMS12,
       author =        {Fribourg, Laurent and Lesens, David and Moro, Pierre and Soulat, Romain},
       booktitle =     {TIME'12},
       month = sep,
       note =  {To appear},
       publisher =     {{IEEE} Computer Society Press},
       title = {Robustness Analysis for Scheduling Problems using the Inverse
Method},
       url =   {http://www.lsv.ens-cachan.fr/Publis/PAPERS/PDF/FLMS-time12.pdf},
       year =  {2012},
}