
%% Etienne ANDRE official bib file
%% Last modif : 2010/04/07


%%%%%%%%%%%%%%%%%%%%%%%%%% MES PUBLIS %%%%%%%%%%%%%%%%%%%%%%%%%%


@techreport{aacd09,
  	author =	{Amari, S. and Andr{\'e}, {\'E}. and Chatain, T. and De Smet, O. and Denis, B. and Encrenaz, E. and Fribourg, L. and Ruel, S.},
  	institution =	{Laboratoire Sp{\'e}cification et V{\'e}rification, ENS Cachan, France},
  	note =	{SIMOP Research Report. 49~pages},
  	number =	{LSV-09-14},
  	type =	{Research Report},
  	title =	{Timed Analysis of Networked Automation Systems Combining Simulation and Parametric Model Checking},
  	url =	{http://www.lsv.ens-cachan.fr/Publis/RAPPORTS_LSV/PDF/ rr-lsv-2009-14.pdf},
  	year =	{2009},
}
  	month =	jun,


@inproceedings{acdfr09,
  	author =	{Andr{\'e}, {\'E}. and Chatain, T. and De{ }Smet, O. and Fribourg, L. and Ruel, S.},
  	booktitle =	{{MSR}'09},
  	editor =	{Lime, Didier and Roux, Olivier H.},
  	number =	{7-9},
  	pages =	{1049-1064},
  	publisher =	{Herm{\`e}s},
  	series =	{Journal Europ{\'e}en des Syst{\`e}mes Automatis{\'e}s},
  	title =	{Synth{\`e}se de contraintes temporis{\'e}es pour une architecture d'automatisation en r{\'e}seau},
  	url =	{http://www.lsv.ens-cachan.fr/Publis/PAPERS/PDF/ACDFR-msr09.pdf},
  	volume =	{43},
  	year =	{2009},
}
  	month =	nov,
  	address =	{Nantes, France},

@inproceedings{acef08,
  	address =	{Liverpool, UK},
  	author =	{Andr{\'e}, {\'E}. and Chatain, T. and Encrenaz, E. and Fribourg, L.},
  	booktitle =	{{RP}'08},
  	publisher =	{Elsevier Science Publishers},
  	series =	{Electronic Notes in Theoretical Computer Science},
  	title =	{An Inverse Method for Parametric Timed Automata},
  	url =	{http://www.lsv.ens-cachan.fr/Publis/PAPERS/PDF/ACEF-rp08.pdf},
  	year =	{2008},
}
  	month =	sep,

@inproceedings{af10,
  	author =	{Andr{\'e}, {\'E}. and Fribourg, L.},
  	title =	{Behavioral Cartography of Timed Automata},
  	booktitle =	{{RP}'10},
  	publisher =	{Springer},
  	series =	{LNCS},
  	year =	{2010},
  	note =	{To appear},
}


@article{acef09,
  	author =	{Andr{\'e}, {\'E}. and Chatain, T. and Encrenaz, E. and Fribourg, L.},
  	DOI =	{10.1142/S0129054109006905},
  	journal =	{International Journal of Foundations of Computer Science},
  	number =	{5},
  	pages =	{819-836},
  	publisher =	{World Scientific},
  	title =	{An Inverse Method for Parametric Timed Automata},
  	url =	{http://www.lsv.ens-cachan.fr/Publis/PAPERS/PDF/ACEF-ijfcs09.pdf},
  	volume =	{20},
  	year =	{2009},
}
  	month =	oct,


@inproceedings{af09,
  	address =	{Bologna, Italy},
  	author =	{Andr{\'e}, {\'E}. and Fribourg, L.},
  	booktitle =	{{P}roceedings of the 11th {I}nternational {W}orkshops on {V}erification of {I}nfinite {S}tate {S}ystems ({INFINITY}'09)},
  	editor =	{Farzan, Azadeh and Legay, Axel},
  	month =	aug,
  	note =	{To appear},
  	series =	{Electronic Proceedings in Theoretical Computer Science},
  	title =	{An Inverse Method for Policy-Iteration Based Algorithms},
  	url =	{http://www.lsv.ens-cachan.fr/Publis/PAPERS/PDF/AF-infinity09.pdf},
  	year =	{2009},
}

%%% OUTDATED inproceedings{afs09,
  	address =	{Swansea, UK},
  	author =	{Andr{\'e}, {\'E}. and Fribourg, L. and Sproston, J.},
  	booktitle =	{{AVoCS}'09},
  	editor =	{Roggenbach, Markus},
  	note =	{To appear},
  	publisher =	{European Association of Software Science and Technology},
  	series =	{Electronic Communications of the EASST},
  	title =	{An Extension of the Inverse Method to Probabilistic Timed Automata},
  	url =	{http://www.lsv.ens-cachan.fr/Publis/PAPERS/PDF/AFS-avocs09.pdf},
  	year =	{2009},
}
  	month =	sep,

@inproceedings{afs09,
  	author =	{Andr{\'e}, {\'E}. and Fribourg, L. and Sproston, J.},
  	booktitle =	{{AVoCS}'09},
  	series =	{Electronic Communications of the EASST},
  	title =	{An Extension of the Inverse Method to Probabilistic Timed Automata},
  	url =	{http://www.lsv.ens-cachan.fr/Publis/PAPERS/PDF/AFS-avocs09.pdf},
  	volume =	{23},
  	year =	{2009},
}
  	month =	sep,
  	publisher =	{European Association of Software Science and Technology},
  	editor =	{Roggenbach, Markus},
  	address =	{Swansea, UK},

@misc{afs10,
  	author =	{Andr{\'e}, {\'E}. and Fribourg, L. and Sproston, J.},
  	title =	{An Extension of the Inverse Method to Probabilistic Timed Automata},
  	year =	{2010},
  	note = {Submitted to AVoCS 09 Special Issue in SCP}
}


@inproceedings{and09,
  	author =	{Andr{\'e}, {\'E}tienne},
  	booktitle =	{{ICTAC}'09},
  	DOI =	{10.1007/978-3-642-03466-4_22},
  	pages =	{336-342},
  	publisher =	{Springer},
  	series =	{LNCS},
  	title =	{{IMITATOR}: A~Tool for Synthesizing Constraints on Timing Bounds of Timed Automata},
  	url =	{http://www.lsv.ens-cachan.fr/Publis/PAPERS/PDF/andre-ictac09.pdf},
  	volume =	{5684},
  	year =	{2009},
}
  	booktitle =	{{P}roceedings of the 6th {I}nternational {C}olloquium on {T}heoretical {A}spects of {C}omputing   	series =	{Lecture Notes in Computer Science},
({ICTAC}'09)},
  	month =	aug,
  	address =	{Kuala Lumpur, Malaysia},
  	editor =	{Leucker, Martin and Morgan, Carroll},


%%%%%%%%%%%%%%%%%%%%%%%%%% MES TRUCS NON PUBLIES %%%%%%%%%%%%%%%%%%%%%%%%%%


@misc{imitator2_web,
author = {Andr\'e, \'Etienne},
title = {\imitator{} Web Page},
howpublished = "\url{http://www.lsv.ens-cachan.fr/~andre/IMITATOR2}"
}


@inproceedings{acef08b,
  	address =	{Orléans, France},
  	author =	{Andr{\'e}, {\'E}. and Chatain, T. and Encrenaz, E. and Fribourg, L.},
  	booktitle =	{{P}roceedings of {MOVEP} '08},
  	title =	{An Inverse Method for Parametric Timed Automata},
  	month =	jun,
  	year =	{2008},
}
@techreport{LSV:09:14,
  	author =	{Amari, Sa{\"\i}d and Andr{\'e}, {\'E}tienne and Chatain, Thomas and De Smet, Olivier and Denis, Bruno and Encrenaz, Emmanuelle and Fribourg, Laurent and Ruel, Sylvain},
  	institution =	{Laboratoire Sp{\'e}cification et V{\'e}rification, ENS Cachan, France},
  	month =	jun,
  	note =	{SIMOP Research Report. 49~pages},
  	number =	{LSV-09-14},
  	type =	{Research Report},
  	title =	{Timed Analysis of Networked Automation Systems Combining Simulation and Parametric Model Checking},
  	url =	{http://www.lsv.ens-cachan.fr/Publis/RAPPORTS_LSV/PDF/ rr-lsv-2009-14.pdf},
  	year =	{2009},
}

@techreport{aef09,
  	author =	{Andr{\'e}, {\'E}. and Encrenaz, E. and Fribourg, L.},
  	institution =	{Laboratoire Sp{\'e}cification et V{\'e}rification, ENS Cachan, France},
  	month =	jun,
  	number =	{LSV-09-13},
  	type =	{Research Report},
  	title =	{Synthesizing Parametric Constraints on Various Case Studies Using {IMITATOR}},
  	url =	{http://www.lsv.ens-cachan.fr/Publis/RAPPORTS_LSV/PDF/ rr-lsv-2009-13.pdf},
  	year =	{2009},
}
  	note =	{18~pages},


@inproceedings{and09b,
  	address =	{Paris, France},
  	author =	{Andr{\'e}, {\'E}tienne},
  	booktitle =	{{A}ctes de la 6{\`e}me {\'E}cole {T}emps-{R}{\'e}el ({ETR}'09)},
  	month =	sep,
  	title =	{Une m{\'e}thode inverse pour les plus courts chemins},
  	url =	{http://www.lsv.ens-cachan.fr/Publis/PAPERS/PDF/andre-etr09.pdf},
  	year =	{2009},
}

@techreport{and10,
  	author =	{Andr{\'e}, {\'E}tienne},
  	institution =	{Laboratoire Sp{\'e}cification et V{\'e}rification, ENS Cachan, France},
  	type =	{Research Report (preliminary version)},
  	title =	{\imitatordeux{} User Manual},
  	url =	{http://www.lsv.ens-cachan.fr/},
  	year =	{2010},
}

@techreport{and10b,
  	author =	{Andr{\'e}, {\'E}.},
  	institution =	{Laboratoire Sp{\'e}cification et V{\'e}rification, ENS Cachan, France},
  	type =	{Research Report (preliminary version)},
  	title =	{Synthesizing Parametric Constraints on Various Case Studies Using \imitatordeux},
  	url =	{http://www.lsv.ens-cachan.fr/},
  	year =	{2010},
}

% PERIME
u n published{afs09,
   author = "\'E. Andr\'e and L. Fribourg and J. Sproston",
   title = "Behavior-Preserving Relaxation of Timing Bounds of Probabilistic Timed Automata",
  	type =	{Submitted to ATVA '09},
  	note =	{Submitted to ATVA '09},
  	month =	may,
  	year =	{2009},
}


%%%%%%%%%%%%%%%%%%%%%%%%%% AUTRES PUBLIS %%%%%%%%%%%%%%%%%%%%%%%%%%


@inproceedings{aab00,
 author = {A. Annichini and E. Asarin and A. Bouajjani},
 title = {Symbolic Techniques for Parametric Reasoning about Counter and Clock Systems},
 booktitle = {CAV '00},
 year = {2000},
 isbn = {3-540-67770-4},
 pages = {419--434},
 publisher = {Springer-Verlag},
 }
% address = {London, UK},

@inproceedings{abbd01,
	author = {T. Amnell and G. Behrmann and J. Bengtsson and P. R. D'Argenio and A. David and A. Fehnker and T. Hune and B. Jeannet and K. G. Larsen and M. O. M\"oller and P. Pettersson and C. Weise and W. Yi},
	title = {UPPAAL - Now, Next, and Future},
	booktitle = {Proc. MOVEP'00, LNCS 2067},
	year = {2001},
	pages = {99--124},
	publisher = {Springer}
}

@inproceedings{abs01,
 author = {Annichini, A. and Bouajjani, A. and Sighireanu, M.},
 title = {TReX: A Tool for Reachability Analysis of Complex Systems},
 booktitle = {CAV '01},
 year = {2001},
 isbn = {3-540-42345-1},
 pages = {368--372},
 publisher = {Springer-Verlag},
 }
 address = {London, UK},
: Proceedings of the 13th International Conference on Computer Aided Verification

@inproceedings{achh92,
  author    = {R. Alur and
               C. Courcoubetis and
               T.A. Henzinger and
               P.H. Ho},
  title     = {Hybrid Automata: An Algorithmic Approach to the Specification
               and Verification of Hybrid Systems},
  booktitle = {Hybrid Systems},
  year      = {1992},
  pages     = {209-229},
  bibsource = {DBLP, http://dblp.uni-trier.de}
}
  crossref  = {DBLP:conf/hybrid/1992},



@article{achh95,
        author="R. Alur and C. Courcoubetis and N. Halbwachs and 
   		T.A. Henzinger and P.-H. Ho and X. Nicollin and 
		A. Olivero and J. Sifakis and S. Yovine",
        title="The algorithmic analysis of hybrid systems",
	journal="Theoretical Computer Science",
        volume="138",
        year="1995",
	pages="3--34"
}

@article{ad94,
 author = {Alur, R. and Dill, D. L.},
 title = {A theory of timed automata},
 journal = {{TCS}},
 volume = {126},
 number = {2},
 year = {1994},
 issn = {0304-3975},
 pages = {183--235},
 doi = {http://dx.doi.org/10.1016/0304-3975(94)90010-8},
 publisher = {Elsevier Science Publishers Ltd.},
 address = {Essex, UK},
 }



@inproceedings{ahv93,
 author = {R. Alur and T.A. Henzinger and M. Y. Vardi},
 title = {Parametric real-time reasoning},
 booktitle = {STOC '93},
 year = {1993},
 isbn = {0-89791-591-7},
 pages = {592--601},
 doi = {http://doi.acm.org/10.1145/167088.167242},
 publisher = {ACM},
 }
 location = {San Diego, California, United States},
 address = {New York, USA},

@inproceedings{aiky92,
 author = {R. Alur and A. Itai and R. P. Kurshan and M. Yannakakis},
 title = {Timing Verification by Successive Approximation},
 booktitle = {CAV '92},
 year = {1993},
 isbn = {3-540-56496-9},
 pages = {},
 publisher = {Springer-Verlag},
 }
% address = {London, UK},


@phdthesis{alur92,
 author = {Alur, Rajeev},
 title = {Techniques for automatic verification of real-time systems},
 year = {1992},
 order_no = {UMI Order No. GAX92-06729},
 publisher = {Stanford University},
 address = {Stanford, CA, USA},
}



@article{b57,
  title={{A Markov decision process}},
  author={Bellman, R.},
  journal={Journal of Mathematical Mechanics},
  volume={6},
  pages={679--684},
  year={1957}
}


@inproceedings{bbm03,
  author    = {R. Ben Salah and
               M. Bozga and
               O. Maler},
  title     = {On Timing Analysis of Combinational Circuits},
  booktitle = {FORMATS '03},
  year      = {2003},
  pages     = {204-219},
  bibsource = {DBLP, http://dblp.uni-trier.de}
}


@inproceedings{bbm06,
title = {On Interleaving in Timed Automata},
author = {R. Ben Salah and M. Bozga and O. Maler},
booktitle = {CONCUR '06},
pages = {465-476},
publisher = {Springer},
series = {LNCS},
url = {http://dblp.uni-trier.de/db/conf/concur/concur2006.html#SalahBM06},
volume = {4137},
ee = {http://dx.doi.org/10.1007/11817949_31}, isbn = {3-540-37376-4}, date = {2006-08-22},
year = {2006},
description = {dblp},
keywords = {dblp }

}


@article{bdfp04,
  	author =	{Bouyer, P. and Dufourd, C. and Fleury, E. and Petit, A.},
  	journal =	{Theoretical Computer Science},
  	month =	aug,
  	number =	{2-3},
  	pages =	{291-345},
  	publisher =	{Elsevier Science Publishers},
  	title =	{Updatable Timed Automata},
  	volume =	{321},
  	year =	{2004},
}


@inproceedings{bf99,
      address =     {Trento, Italy},
      author =     {B{\'e}rard, B. and Fribourg, L.},
      booktitle =     {{CAV}'99},
      pages =     {96-107},
      publisher =     {Springer},
      series =     {{LNCS}},
      title =     {Automated Verification of a Parametric Real-Time Program: {T}he {ABR} Conformance Protocol},
      volume =     {1633},
      year =     {1999},
}


@article{bhz08,
  Author = "R. Bagnara and P. M. Hill and E. Zaffanella",
  Title = "The {Parma Polyhedra Library}: Toward a Complete Set of Numerical
           Abstractions for the Analysis and Verification
           of Hardware and Software Systems",
  Journal = "Science of Computer Programming",
  Volume = 72,
  Number = "1--2",
  Pages = "3--21",
  Year = 2008,
}


@article{bjmy02,
  author    = {M. Bozga and
               J. Hou and
               O. Maler and
               S. Yovine},
  title     = {Verification of Asynchronous Circuits using Timed Automata},
  journal   = {Electr. Notes Theor. Comput. Sci.},
  volume    = {65},
  number    = {6},
  year      = {2002},
  ee        = {http://www.elsevier.com/gej-ng/31/29/23/117/51/show/Products/notes/index.htt\#005},
  bibsource = {DBLP, http://dblp.uni-trier.de}
}


@book{bk08,
 author = {Baier, C. and Katoen, J.-P.},
 title = {Principles of Model Checking},
 year = {2008},
 isbn = {026202649X, 9780262026499},
 publisher = {The MIT Press},
 }



@article{blr05,
 author = {G. Behrmann and K. G. Larsen and J. I. Rasmussen},
 title = {Optimal scheduling using priced timed automata},
 journal = {SIGMETRICS Perform. Eval. Rev.},
 volume = {32},
 number = {4},
 year = {2005},
 issn = {0163-5999},
 pages = {34--40},
 doi = {http://doi.acm.org/10.1145/1059816.1059823},
 publisher = {ACM},
 address = {New York, NY, USA},
 }


@BOOK{bs95,
  title = "Asynchronous Circuits",
  author = {J. A. Brzozowski and C. J. Seger},
  publisher = "Springer-Verlag",
  year = "1995"
}


@inproceedings{cc04b,
 author = {R. Claris\'{o} and J. Cortadella},
 title = {Verification of timed circuits with symbolic delays},
 booktitle = {ASP-DAC '04},
 year = {2004},
 isbn = {0-7803-8175-0},
 pages = {628--633},
 location = {Yokohama, Japan},
 publisher = {IEEE Press},
 address = {Piscataway, NJ, USA},
 }

% OUTDATED : see cc07
@ inproceedings{cc04,
 author = {R. Claris\'{o} and J. Cortadella},
 title = {The octahedron abstract domain},
 booktitle = {SAS '04},
 year = {2004},
 }


@inproceedings{cc05,
 author = {R. Claris\'{o} and J. Cortadella},
 title = {Verification of Concurrent Systems with Parametric Delays Using Octahedra},
 booktitle = {ACSD '05},
 year = {2005},
 isbn = {0-7695-2363-3},

 doi = {http://dx.doi.org/10.1109/ACSD.2005.34},
 publisher = {IEEE Computer Society},

 }


@article{cc07,
 author = {Claris\'{o}, R. and Cortadella, J.},
 title = {The octahedron abstract domain},
 journal = {Sci. Comput. Program.},
 volume = {64},
 number = {1},
 year = {2007},
 issn = {0167-6423},
 pages = {115--139},
 doi = {http://dx.doi.org/10.1016/j.scico.2006.03.009},
 publisher = {Elsevier North-Holland, Inc.},
 address = {Amsterdam, The Netherlands, The Netherlands},
 }




@inproceedings{ccggq98,
    author = {J. Cochet-terrasson and G. Cohen and S. Gaubert and M. Mc Gettrick and J-P. Quadrat},
    title = {Numerical Computation of Spectral Elements in Max-Plus Algebra},
    booktitle = {IFAC Conf. on Syst. Structure and Control},
    year = {1998}
}


% OUTDATED
% inproceedings{cefx06,
  	address =	{Paris, France},
  	author =	{Chevallier, R. and Encrenaz-Tiph{\`e}ne, E. and Fribourg, L. and Xu, W.},
  	booktitle =	{FORMATS '06},
  	DOI =	{10.1007/11867340_9},
  	pages =	{},
  	publisher =	{Springer},
  	series =	{LNCS},
  	title =	{Verification of the Generic Architecture of a Memory Circuit Using Parametric Timed Automata},
  	url =	{http://www.lsv.ens-cachan.fr/Publis/PAPERS/PDF/CEFX-formats06.pdf},
  	volume =	{4202},
  	year =	 {2006},
}

@article{cefx09,
  	author =	{Chevallier, R. and Encrenaz, E. and Fribourg, L. and Xu, W.},
  	DOI =	{10.1007/s10703-008-0061-x},
  	journal =	{Formal Methods in System Design},
  	number =	{1},
  	pages =	{59-81},
  	publisher =	{Kluwer Academic Publishers},
  	title =	{Timed Verification of the Generic Architecture of a Memory Circuit Using Parametric Timed Automata},
  	url =	{http://www.lsv.ens-cachan.fr/Publis/PAPERS/PDF/CEFX-fmsd08.pdf},
  	volume =	{34},
  	year =	{2009},
}
  	month =	feb,


@book{cgp99,
 author = {Clarke, E. M. and Grumberg, O. and Peled, D. A.},
 title = {Model Checking},
 year = {1999},
 publisher = {MIT Press},
 }


@inproceedings{ch78,
 author = {Cousot, P{.} and Halbwachs, N{.}},
 title = {Automatic discovery of linear restraints among variables of a program},
 booktitle = {POPL '78},
 year = {1978},
 pages = {84--96},
 location = {Tucson, Arizona},
 doi = {http://doi.acm.org/10.1145/512760.512770},
 publisher = {ACM},
 }


@inproceedings{cgjlv00,
 author = {E. M. Clarke and O. Grumberg and S. Jha and Y. Lu and H. Veith},
 title = {Counterexample-Guided Abstraction Refinement},
 booktitle = {CAV '00},
 year = {2000},
 isbn = {3-540-67770-4},
 pages = {154--169},
 publisher = {Springer-Verlag},
 }
% address = {London, UK},


@inproceedings{cs01,
author =     {A. {Collomb--Annichini} and M. Sighireanu},
year =       2001,
title =      {Parameterized Reachability Analysis of the {IEEE 1394 Root
              Contention Protocol using TReX}},
booktitle =  {RT-TOOLS '01},
}

@inproceedings{dg06,
author = {Dhingra, V. and Gaubert, S.},
title = {How to solve large scale deterministic games with mean payoff by policy iteration},
booktitle = {Valuetools '06},
year = {2006},
isbn = {1-59593-504-5},
pages = {12},
location = {Pisa, Italy},
publisher = {ACM},
address = {New York, NY, USA},
}

@inproceedings{dkrt97,
 author = {{P.R. D'Argenio} and {J.P. Katoen} and {T.C. Ruys} and {G.J. Tretmans}},
 title = {The Bounded Retransmission Protocol Must Be on Time!},
 booktitle = {TACAS '97},
 year = {1997},
 isbn = {3-540-62790-1},
 publisher = {Springer},
 }
% address = {London, UK},
% pages = {416--431},


@article{Doy07,
  author    = "Doyen, Laurent",
  title     = "Robust Parametric Reachability for Timed Automata",
  journal   = "Information Processing Letters",
  volume    = "102",
  number    = "5",
  year      = "2007",
  pages     = "208-213"
}


@book{dr95,
 author = {V. Diekert},
 title = {The  Book of Traces},
 year = {1995},
 isbn = {9810220588},
 publisher = {World Scientific Publishing Co., Inc.},
 address = {River Edge, NJ, USA},
 }

 @inproceedings{ef08,
  	author =	{Encrenaz, E. and Fribourg, L.},
  	booktitle =	{{P}roceedings of the {LIX} {C}olloquium '06},
  	title =	{Time Separation of Events\,: An Inverse Method},
  	year =	{2008},
  	publisher =	{Elsevier Science Publishers},
  	address =	{Palaiseau, France},
  	series =	{{ENTCS}},
 	volume =	{209}
}
%  	series =	{Electronic Notes in Theoretical Computer Science},
 %	booktitle =	{{P}roceedings of the {LIX} {C}olloquium on {E}merging {T}rends in {C}oncurrency {T}heory ({LIX}'06)},
 %  	pages =	{135-148},
%  	booktitle =	{{LIX}'06},
%  	DOI =	{10.1016/j.entcs.2008.04.008},
%  	editor =	{Palamidessi, Catuscia and Valencia, Franck},
%  	month =	apr,
%  	url =	{http://www.lsv.ens-cachan.fr/Publis/PAPERS/PDF/EF-lix06.pdf},

@article{f62,
 author = {Floyd,, R. W.},
 title = {Algorithm 97: Shortest path},
 journal = {Commun. ACM},
 volume = {5},
 number = {6},
 year = {1962},
 publisher = {ACM},
 address = {New York, NY, USA},
 }


@inproceedings{fjk08,
title = {A Counterexample-Guided Approach to Parameter Synthesis for Linear Hybrid Automata},
author = {G. Frehse and S.K. Jha and B.H. Krogh},
booktitle = {HSCC '08},
pages = {187-200},
publisher = {Springer},
series = {LNCS},
volume = {4981},
year = {2008},
date = {2008-08-27},
}

@inproceedings{fkr06,
 author = {Frehse, G. and Krogh, B.H. and Rutenbar, R.A.},
 title = {Verifying analog oscillator circuits using forward/backward abstraction refinement},
 booktitle = {DATE '06: Proceedings of the conference on Design, automation and test in Europe},
 year = {2006},
 isbn = {3-9810801-0-6},
 pages = {257--262},
 publisher = {European Design and Automation Association},
 }
 location = {Munich, Germany},
 address = {3001 Leuven, Belgium, Belgium},


@phdthesis{Frehse05PhD,
 author = {Frehse, Goran},
 title = {Compositional Verification of Hybrid Systems using Simulation Relations},
 year = {2005},
 publisher = {Radboud University Nijmegen},
	school = {Radboud University Nijmegen},
	type = {Ph.D. Thesis},
}


@inproceedings{frehse05,
  author    = {Goran Frehse},
  title     = {{PHAVer}: Algorithmic Verification of Hybrid Systems Past {HyTech}},
  booktitle = {HSCC},
  year      = {2005},
  pages     = {258-273},
  ee        = {http://springerlink.metapress.com/openurl.asp?genre=article{\&}issn=0302-9743{\&}volume=3414{\&}spage=258},
  bibsource = {DBLP, http://dblp.uni-trier.de}
}
	crossref  = {DBLP:conf/hybrid/2005},

@book{hh07,
 author = {Harris, D. and Harris, S.},
 title = {Digital Design and Computer Architecture},
 year = {2007},
 isbn = {0123704979},
 publisher = {Morgan Kaufmann Publishers Inc.},
 address = {San Francisco, CA, USA},
}


@inproceedings{hhw95,
  author    = {T.A. Henzinger and
               P.H. Ho and
               H. Wong-Toi},
  title     = {A User Guide to \hytech{}},
  booktitle = {TACAS},
  year      = {1995},
  pages     = {41-71},
  bibsource = {DBLP, http://dblp.uni-trier.de}
}

% author = {T. A. Henzinger and P. Ho and H. Wong-Toi},
% title = {A User Guide to \textsc{HyTech}},
% year = {1995},
% publisher = {Cornell University},
% address = {Ithaca, NY, USA},

@article{hhw97,
    author = {T.A. Henzinger and
               P.H. Ho and
               H. Wong-Toi},
    title = {HyTech: A Model Checker for Hybrid Systems},
    journal = {Software Tools for Technology Transfer},
    year = {1997},
    volume = {1},
    pages = {460--463}
}


@InProceedings{hknp06,
author={A. Hinton and M. Kwiatkowska and G. Norman and D. Parker},
title={{PRISM}: A Tool for Automatic Verification of Probabilistic Systems},
booktitle={TACAS'06},
year={2006},
pages={441-444},
publisher={Springer},
series={LNCS},
volume={3920},
}

@book{holzmann03,
 author = {Holzmann, Gerard},
 title = {Spin model checker, the: primer and reference manual},
 year = {2003},
 isbn = {0-321-22862-6},
 publisher = {Addison-Wesley Professional},
 }


@book{howard60,
AUTHOR="R. A. Howard",
TITLE="Dynamic Programming and Markov Processes",
PUBLISHER="John Wiley and Sons, Inc.",
YEAR=1960,
}



% OUTDATED
% inproceedings{hrsv01,
 author = {T. Hune and J. Romijn and M. Stoelinga and F. W. Vaandrager},
 title = {Linear Parametric Model Checking of Timed Automata},
 booktitle = {TACAS '01},
 year = {2001},
 isbn = {3-540-41865-2},
 pages = {189--203},
 publisher = {Springer-Verlag},

 }

@article{hrsv02,
author =        {T.S. Hune and J.M.T. Romijn and M.I.A. Stoelinga and F.W. Vaandrager},
title =         {Linear Parametric Model Checking of Timed Automata},
journal =       {Journal of Logic and Algebraic Programming},
editor =        {H. Hermanns and J.-P. Katoen},
year =          2002,
}


@inproceedings{hw96,
 author = {T.A. Henzinger and H. Wong-Toi},
 title = {Using \textsc{HyTech} to Synthesize Control Parameters for a Steam Boiler},
   booktitle = {Formal Methods for Industrial Applications: Specifying and Programming the Steam Boiler Control, LNCS 1165},
 year = {1996},
 isbn = {3-540-61929-1},
 publisher = {Springer-Verlag},
 }
 pages = {265--282},
 address = {London, UK},


@inproceedings{Jen96,
             author =        {H. E. Jensen},
             title =         {Model checking probabilistic real time systems},
             booktitle =     {Proc. of the 7th Nordic Work.\ on Progr.\ Theory},
             editor =        {},
             volume =        {},
             publisher =     {Chalmers Institute of Technology},
             year =          1996
     }
%             pages =         {247--261},



@inproceedings{jm09,
  author =    {Jeannet, B{.} and Min\'e, A{.}},
  title =     {Apron: A Library of Numerical Abstract Domains for Static Analysis},
  pages =     {661--667},
  volume =    {5643},
  year =      {2009},
  booktitle = {CAV '09},
  series =    {LNCS},
  publisher = {Springer},
}
  booktitle = {Proc. of the 21th Int. Conf. on Computer Aided Verification (CAV 2009)},
  series =    {Lecture Notes in Computer Science},
  note =      {\url{http://www.di.ens.fr/~mine/publi/article-mine-jeannet-cav09.pdf}}
  month =     {June},
  address =   {Grenoble, France},




@Book{ kmst59,
author = { Kemeny, J. and Mirkil, H. and Snell, J. and Thompson, G.},
title = { Finite mathematical structures },
publisher = { Prentice-Hall, Englewood Cliffs, N.J.},
pages = { 1 v. },
year = { 1959 },
type = { Book },
language = { English },
subjects = { Mathematical analysis; Algebra, Universal },
life-dates = { 1959 -  },
catalogue-url = { http://nla.gov.au/nla.cat-vn2526013 },
}




@inproceedings{kmy02,
 author = {T. Yoneda and T. Kitai and C. J. Myers},
 title = {Automatic Derivation of Timing Constraints by Failure Analysis},
 booktitle = {CAV '02},
 year = {2002},
 isbn = {3-540-43997-8},
 pages = {195--208},
 publisher = {Springer-Verlag},
 }
% address = {London, UK},

@INPROCEEDINGS{kns02,
author = {M. Kwiatkowska and G. Norman and J. Sproston},
title = {Probabilistic model checking of the {IEEE} 802.11 wireless local area network protocol},
booktitle = {Proc. PAPM/PROBMIV'02},
volume = {2399},
series = {LNCS},
year = {2002},
pages = {169--187},    publisher = {Springer}
}

@Article{kns03,
author={M. Kwiatkowska and G. Norman and J. Sproston},
title={Probabilistic Model Checking of Deadline Properties in the {IEEE 1394 FireWire} Root Contention Protocol},
journal={Formal Aspects of Computing},
year={2003},

volume={14},
number={3},
pages={295--318},
note={},
key={}
}


@article{knss02,
author={M. Kwiatkowska and G. Norman and R. Segala and J. Sproston},
title={Automatic Verification of Real-time Systems with Discrete Probability Distributions},
journal={TCS},
year={2002},
volume={282},
pages={101-150},
number={},
note={},
key={}
}

-- inproceedings{knsw04,
  author    = {M. Kwiatkowska and
               G. Norman and
               J. Sproston and
               F. Wang},
  title     = {Symbolic Model Checking for Probabilistic Timed Automata},
  booktitle = {FORMATS/FTRTFT},
  year      = {2004},
  pages     = {293-308},
}

@article{knsw07,
author={M. Kwiatkowska and G. Norman and J. Sproston and F. Wang},
title={Symbolic Model Checking for Probabilistic Timed Automata},
journal={Information and Computation},
year={2007},
volume={205},
number={7},
pages={1027-1077},
month={},
note={},
key={}
}


@article{ lpy97,
    author = "K. G. Larsen and P. Pettersson and W. Yi",
    title = "\uppaal{} in a Nutshell",
    journal = "International Journal on Software Tools for Technology Transfer",
    volume = "1",
    number = "1-2",
    pages = "134-152",
    year = "1997"
}

@article{lv95,
 author = {Lynch,, N. and Vaandrager,, F.},
 title = {Forward and backward simulations I.: untimed systems},
 journal = {Inf. Comput.},
 volume = {121},
 number = {2},
 year = {1995},
 issn = {0890-5401},
 pages = {214--233},
 doi = {http://dx.doi.org/10.1006/inco.1995.1134},
 publisher = {Academic Press, Inc.},
 address = {Duluth, MN, USA},
 }


@inproceedings{mp95,
 author = {O. Maler and A. Pnueli},
 title = {Timing analysis of asynchronous circuits using timed automata},
 booktitle = {CHARME '95},
 year = {1995},
 isbn = {3-540-60385-9},
 pages = {189--205},
 publisher = {Springer-Verlag},
 }
% address = {London, UK},


@book{mt93,
	author = {Meyn, S. P.  and Tweedie, R. L. },
	citeulike-article-id = {3860697},
	keywords = {phd},
	priority = {0},
	publisher = {Springer--Verlag},
	title = {Markov chains and stochastic stability},
	year = {1993}
}


@ARTICLE{nsy92,
    author = {X. Nicollin and J. Sifakis and S. Yovine},
    title = {Compiling Real-Time Specifications into Extended Automata},
    journal = {IEEE Trans. on Software Engineering},
    year = {1992},
    volume = {18},
    pages = {794--804}
}

@inproceedings{pbbm98,
 author = {Paleologo,, G. A. and Benini,, L. and Bogliolo,, A. and De Micheli,, G.},
 title = {Policy optimization for dynamic power management},
 booktitle = {{DAC} '98},
 year = {1998},
 isbn = {0-89791-964-5},
 pages = {182--187},
 publisher = {ACM},
 address = {New York, NY, USA},
 }


@inproceedings{qwp99,
 author = {Qiu,, Q. and Wu,, Q. and Pedram,, M.},
 title = {Stochastic modeling of a power-managed system: construction and optimization},
 booktitle = {ISLPED '99},
 year = {1999},
 pages = {194--199},
 location = {San Diego, California, United States},
 publisher = {ACM},
 address = {New York, NY, USA},
 }
 
@article{rka08,
 author = {Wilhelm, Reinhard and Engblom, Jakob and Ermedahl, Andreas and Holsti, Niklas and Thesing, Stephan and Whalley, David and Bernat, Guillem and Ferdinand, Christian and Heckmann, Reinhold and Mitra, Tulika and Mueller, Frank and Puaut, Isabelle and Puschner, Peter and Staschulat, Jan and Stenstr\"{o}m, Per},
 title = {The worst-case execution-time problem---overview of methods and survey of tools},
 journal = {ACM Trans. Embed. Comput. Syst.},
 volume = {7},
 number = {3},
 year = {2008},
 issn = {1539-9087},
 pages = {1--53},
 doi = {http://doi.acm.org/10.1145/1347375.1347389},
 publisher = {ACM},
 address = {New York, NY, USA},
 }


@thesis{ruel09,
 author = {Ruel, Silvain},
 title = {\'Evaluation des bornes des performances temporelles des Architectures d'Automatisation en Réseau par preuves itératives de propriétés logiques},
 year = {2009},
 publisher = {LURPA, ENS Cachan},
	school = {Laboratoire Sp{\'e}cification et V{\'e}rification, ENS Cachan, France},
	type = {Th{\`e}se de doctorat},
}

@book{s86,
 author = {Alexander Schrijver},
 title = {Theory of linear and integer programming},
 year = {1986},
 publisher = {John Wiley \& Sons, Inc.},
 address = {New York, NY, USA},
 }

@unpublished{sb03,
      author =     {Stachniss, L. and Burgard, W.},
      note =     {Course notes, University Freiburg, Germany},
      title =     {The Markov Decision Problem - Autonomous Mobile Systems},
      url = {http://ais.informatik.uni-freiburg.de/teaching/ss03/ams/DecisionProblems.pdf},
      year =     {2003},
}


@article{ ss01,
    author = "D. Simons and M. Stoelinga",
    title = "Mechanical verification of the {IEEE 1394a Root Contention Protocol} using \textsc{Uppaal}2k",
    journal = "International Journal on Software Tools for Technology Transfer",
    volume = "3",
    number = "4",
    pages = "469-485",
    year = "2001"}


@inproceedings{ty96,
 author = {S. Tripakis and S. Yovine},
 title = {Analysis of Timed Systems Based on Time-Abstracting Bisimulation},
 booktitle = {{CAV} '96},
 year = {1996},
 isbn = {3-540-61474-5},
 pages = {232--243},
 publisher = {Springer-Verlag},
 address = {London, UK},
 }

@article{ty01,
 author = {Tripakis,, S. and Yovine,, S.},
 title = {Analysis of Timed Systems Using Time-Abstracting Bisimulations},
 journal = {Formal Methods in System Design},
 volume = {18},
 number = {1},
 year = {2001},
 issn = {0925-9856},
 pages = {25--68},
 doi = {http://dx.doi.org/10.1023/A:1008734703554},
 publisher = {Kluwer Academic Publishers},
 }
 address = {Hingham, MA, USA},


@inproceedings{wy03,
  author    = {F. Wang and
               H.C. Yen},
  title     = {Timing Parameter Characterization of Real-Time Systems},
  booktitle = {CIAA '03},
  series    = {LNCS},
  volume    = {2759},
  year      = {2003},
  pages     = {23-34},
}


@article{wang05,
 author= {Farn Wang},
 title = {Symbolic Parametric Safety Analysis of Linear Hybrid Systems with {BDD}-Like Data-Structures},
 journal = {IEEE Trans. Softw. Eng.},
 volume = {31},
 number = {1},
 year = {2005},
 issn = {0098-5589},
 pages = {38--51},
 publisher = {IEEE Press},
 address = {Piscataway, NJ, USA},
 }
 
@inproceedings{wang06,
  author    = {Farn Wang},
  title     = {{REDLIB} for the Formal Verification of Embedded Systems},
  booktitle = {ISoLA},
  year      = {2006},
  pages     = {341-346},
  ee        = {http://dx.doi.org/10.1109/ISoLA.2006.68},
  bibsource = {DBLP, http://dblp.uni-trier.de}
}
  crossref  = {DBLP:conf/isola/2006},


%%%%%%%%%%%%%%%%%%%%%%%%%% STANDARDS %%%%%%%%%%%%%%%%%%%%%%%%%%

@misc{CSMACD2002,
    title = {{IEEE} 802.3-2002: Carrier sense multiple access with collision detection ({CSMA/CD}) Standard},
    year = {2002}
}
    booktitle = {IEEE Std 802.3-2002},
    journal = {IEEE Std 802.3-2002},


%%%%%%%%%%%%%%%%%%%%%%%%%% WEB %%%%%%%%%%%%%%%%%%%%%%%%%%

@misc{prism_web,
	author={{\sc Prism} web page},
	title={{\tt http://www.prismmodelchecker.org/}}
}
