  	Fermer la session
Composer   Adresses   Dossiers   Options   Rechercher   Aide   	Laboratoire LSV


Voir un fichier texte joint - Voir le message
Télécharger en tant que fichier

@techreport{fl11,
        author = {Laurent Fribourg and David Lesens},
        title = {Projet {ROSCOV}: Robuste Ordonnancement de Syst\`{e}mes de
COntr\^{o}le de Vol},
          type =        {Project Report (In {F}rench)},
        month = {December},
          note =        {Available at \url{www.farman.ens-cachan.fr/ROSCOV.pdf}},

        year = 2011
}



@article{bb04,
  author    = {Enrico Bini and
               Giorgio C. Buttazzo},
  title     = {Schedulability Analysis of Periodic Fixed Priority Systems},
  journal   = {IEEE Trans. Computers},
  volume    = {53},
  number    = {11},
  year      = {2004},
  pages     = {1462-1473},
  ee        = {http://doi.ieeecomputersociety.org/10.1109/TC.2004.103},
  bibsource = {DBLP, http://dblp.uni-trier.de}
}


@inproceedings{m11,
  author    = {Nicolas Markey},
  title     = {Robustness in real-time systems},
  booktitle = {SIES},
  year      = {2011},
  pages     = {28-34},
  ee        = {http://doi.ieeecomputersociety.org/10.1109/SIES.2011.5953652},
  crossref  = {DBLP:conf/sies/2011},
  bibsource = {DBLP, http://dblp.uni-trier.de}
}
@proceedings{DBLP:conf/sies/2011,
  title     = {Industrial Embedded Systems (SIES), 2011 6th IEEE International
               Symposium on, Vasteras, Sweden, 15-17 June, 2011},
  booktitle = {SIES},
  publisher = {IEEE},
  year      = {2011},
  isbn      = {978-1-61284-818-1},
  ee        = {http://ieeexplore.ieee.org/xpl/mostRecentIssue.jsp?punumber=5937480},
  bibsource = {DBLP, http://dblp.uni-trier.de}
}

%% Etienne ANDRE official bib file
%% Last modif : 2011/12/08


@article{cgjlv03,
  author    = {Edmund M. Clarke and
               Orna Grumberg and
               Somesh Jha and
               Yuan Lu and
               Helmut Veith},
  title     = {Counterexample-guided abstraction refinement for symbolic
               model checking},
  journal   = {J. ACM},
  volume    = {50},
  number    = {5},
  year      = {2003},
  pages     = {752-794},
  ee        = {http://doi.acm.org/10.1145/876638.876643},
  bibsource = {DBLP, http://dblp.uni-trier.de}
}

%%%%%%%%%%%%%%%%%%%%%%%%%%%%%%%%%%%%%%%%%%%%%%%%%%%%%%%%%%%%
                      MES PUBLICATIONS                      
%%%%%%%%%%%%%%%%%%%%%%%%%%%%%%%%%%%%%%%%%%%%%%%%%%%%%%%%%%%%


@techreport{aacd09,
          author =        {Amari, S. and Andr{\'e}, {\'E}. and Chatain, T. and De Smet, O. and
Denis, B. and Encrenaz, E. and Fribourg, L. and Ruel, S.},
          institution =        {Laboratoire Sp{\'e}cification et V{\'e}rification, ENS Cachan,
France},
          note =        {SIMOP Research Report. 49~pages},
          number =        {LSV-09-14},
          type =        {Research Report},
          title =        {Timed Analysis of Networked Automation Systems Combining Simulation and
Parametric Model Checking},
          url =        {http://www.lsv.ens-cachan.fr/Publis/RAPPORTS_LSV/PDF/ rr-lsv-2009-14.pdf},
          year =        {2009},
}
          month =        jun,


@inproceedings{acdfr09,
          author =        {Andr{\'e}, {\'E}. and Chatain, T. and De{ }Smet, O. and Fribourg, L.
and Ruel, S.},
          booktitle =        {{MSR}'09},
          editor =        {Lime, Didier and Roux, Olivier H.},
          number =        {7-9},
          pages =        {1049-1064},
          publisher =        {Herm{\`e}s},
          series =        {Journal Europ{\'e}en des Syst{\`e}mes Automatis{\'e}s},
          title =        {Synth{\`e}se de contraintes temporis{\'e}es pour une architecture
d'automatisation en r{\'e}seau},
          url =        {http://www.lsv.ens-cachan.fr/Publis/PAPERS/PDF/ACDFR-msr09.pdf},
          volume =        {43},
          year =        {2009},
}
          month =        nov,
          address =        {Nantes, France},

@inproceedings{acef08,
          address =        {Liverpool, UK},
          author =        {Andr{\'e}, {\'E}. and Chatain, T. and Encrenaz, E. and Fribourg, L.},
          booktitle =        {{RP}'08},
          publisher =        {Elsevier Science Publishers},
          series =        {Electronic Notes in Theoretical Computer Science},
          title =        {An Inverse Method for Parametric Timed Automata},
          url =        {http://www.lsv.ens-cachan.fr/Publis/PAPERS/PDF/ACEF-rp08.pdf},
          year =        {2008},
}
          month =        sep,

@inproceedings{af10,
          author =        {Andr{\'e}, {\'E}. and Fribourg, L.},
          title =        {Behavioral Cartography of Timed Automata},
          booktitle =        {{RP}},
          pages =        {76-90},
          publisher =        {Springer},
          series =        {LNCS},
          year =        {2010},
          volume =        {6227},
}
        address =        {Brno, Czech Republic},
          booktitle =        {{P}roceedings of the 4th {W}orkshop on {R}eachability {P}roblems in
{C}omputational {M}odels ({RP}'10)},
          editor =        {Ku{\v c}era, Anton{\'\i}n and Potapov, Igor},
          month =        aug,
          series =        {LNCS},
          url =        {http://www.lsv.ens-cachan.fr/Publis/PAPERS/PDF/AF-rp10.pdf},


@article{acef09,
        author =        {Andr{\'e}, {\'E}. and Chatain, T. and Encrenaz, E. and Fribourg, L.},
        DOI =        {10.1142/S0129054109006905},
        journal =        {International Journal of Foundations of Computer Science},
        number =        {5},
        pages =        {819-836},
        publisher =        {World Scientific},
        title =        {An Inverse Method for Parametric Timed Automata},
        volume =        {20},
        year =        {2009},
}
          month =        oct,
          url =        {http://www.lsv.ens-cachan.fr/Publis/PAPERS/PDF/ACEF-ijfcs09.pdf},


@inproceedings{af09,
          address =        {Bologna, Italy},
          author =        {Andr{\'e}, {\'E}. and Fribourg, L.},
          booktitle =        {{P}roceedings of the 11th {I}nternational {W}orkshop on
{V}erification of {I}nfinite {S}tate {S}ystems ({INFINITY}'09)},
          editor =        {Farzan, Azadeh and Legay, Axel},
          pages =        {44-61},
          series =        {EPTCS},
          title =        {An Inverse Method for Policy-Iteration Based Algorithms},
          url =        {http://www.lsv.ens-cachan.fr/Publis/PAPERS/PDF/AF-infinity09.pdf},
          volume =        {10},
          year =        {2009},
}
          series =        {Electronic Proceedings in Theoretical Computer Science},
          address =        {Bologna, Italy},
          DOI =        {10.4204/EPTCS.10.4},
          month =        nov,
}

@inproceedings{afs09,
          author =        {Andr{\'e}, {\'E}. and Fribourg, L. and Sproston, J.},
          booktitle =        {{AVoCS}'09},
          series =        {Electronic Communications of the EASST},
          title =        {An Extension of the Inverse Method to Probabilistic Timed Automata},
          url =        {http://www.lsv.ens-cachan.fr/Publis/PAPERS/PDF/AFS-avocs09.pdf},
          volume =        {23},
          year =        {2009},
}
          month =        sep,
          publisher =        {European Association of Software Science and Technology},
          editor =        {Roggenbach, Markus},
          address =        {Swansea, UK},

@misc{afs10,
          author =        {Andr{\'e}, {\'E}. and Fribourg, L. and Sproston, J.},
          title =        {An Extension of the Inverse Method to Probabilistic Timed Automata},
          year =        {2010},
          note = {Submitted to AVoCS 09 Special Issue in SCP}
}


@inproceedings{AFS12,
          author =        {Andr{\'e}, {\'E}tienne and Fribourg, Laurent and Soulat, Romain},
          booktitle =        {NFM},
          note =        {To appear},
          publisher =        {Springer},
          series =        {LNCS},
          title =        {Enhancing the Inverse Method with State Merging},
          url =        {http://www.lsv.ens-cachan.fr/Publis/PAPERS/PDF/AFS-nfm12.pdf},
          volume =        {7226},
          year =        {2012},
}
          editor =        {Goodloe, Alwyn and Person, Suzette},
          address =        {Norfolk, Virginia, USA},
          month =        apr,
          pages =        {100-105},
          series =        {Lecture Notes in Computer Science},
          booktitle =        {{P}roceedings of the 4th {NASA} {F}ormal {M}ethods {S}ymposium
({NFM}'12)},

          
@inproceedings{and09,
          author =        {Andr{\'e}, {\'E}tienne},
          booktitle =        {{ICTAC}'09},
          DOI =        {10.1007/978-3-642-03466-4_22},
          editor =        {Leucker, Martin and Morgan, Carroll},
          pages =        {336-342},
          publisher =        {Springer},
          series =        {LNCS},
          title =        {{IMITATOR}: A~Tool for Synthesizing Constraints on Timing Bounds of
Timed Automata},
          volume =        {5684},
          year =        {2009},
}
          url =        {http://www.lsv.ens-cachan.fr/Publis/PAPERS/PDF/andre-ictac09.pdf},
          booktitle =        {{P}roceedings of the 6th {I}nternational {C}olloquium on
{T}heoretical {A}spects of {C}omputing           series =        {LNCS},
({ICTAC}'09)},
          month =        aug,
          address =        {Kuala Lumpur, Malaysia},


@inproceedings{and10,
          author =        {Andr{\'e}, {\'E}tienne},
          booktitle =        {{INFINITY}},
          pages =        {91--99},
          series =        {EPTCS},
          title =        {{IMITATOR~II}: A~Tool for Solving the Good Parameters Problem in Timed
Automata},
          url =        {http://www.lsv.ens-cachan.fr/Publis/PAPERS/PDF/andre-infinity10.pdf},
          volume =        {39},
          year =        {2010},
}
          DOI =        {10.4204/EPTCS.39.7},
          editor =        {Chen, Yu-Fang and Rezine, Ahmed},
          series =        {Electronic Proceedings in Theoretical Computer Science},
          month =        sep,
          booktitle =        {{P}roceedings of the 12th {I}nternational {W}orkshop on
{V}erification of {I}nfinite {S}tate {S}ystems ({INFINITY}'10)},
          address =        {Singapore},

          
@inproceedings{AS11,
          author =        {Andr{\'e}, {\'E}. and Soulat, R.},
          booktitle =        {{RP}'11},
          publisher =        {Springer},
          series =        {LNCS},
          title =        {Synthesis of Timing Parameters Satisfying Safety Properties},
          volume =        {6945},
          year =        {2011},
}



%%%%%%%%%%%%%%%%%%%%%%%%%%%%%%%%%%%%%%%%%%%%%%%%%%%%%%%%%%%%
                   MES TRUCS NON PUBLIES                   
%%%%%%%%%%%%%%%%%%%%%%%%%%%%%%%%%%%%%%%%%%%%%%%%%%%%%%%%%%%%

@phdthesis{andre-thesis,
          author =        {Andr\'e, \'Etienne},
          school =        {Laboratoire Sp{\'e}cification et V{\'e}rification, ENS Cachan, France},
          type =        {Ph.D. Thesis},
          title =        {An Inverse Method for the Synthesis of Timing Parameters in Concurrent
Systems},
          year =        {2010},
}
          month =        dec,


@misc{imitator-web,
        title = {\imitator{}'s {W}eb Page},
        howpublished = "\url{http://www.lsv.ens-cachan.fr/Software/imitator/}"
}
        author = {Andr\'e, \'Etienne},

@misc{imitator2_web,
        author = {\imitatordeux{} Web Page},
        howpublished = "\url{http://www.lsv.ens-cachan.fr/~andre/IMITATOR2}"
}
        author = {Andr\'e, \'Etienne},


@inproceedings{acef08b,
          address =        {Orl{\'e}ans, France},
          author =        {Andr{\'e}, {\'E}. and Chatain, T. and Encrenaz, E. and Fribourg, L.},
          booktitle =        {{P}roceedings of {MOVEP} '08},
          title =        {An Inverse Method for Parametric Timed Automata},
          month =        jun,
          year =        {2008},
}
@techreport{LSV:09:14,
          author =        {Amari, Sa{\"\i}d and Andr{\'e}, {\'E}tienne and Chatain, Thomas and De
Smet, Olivier and Denis, Bruno and Encrenaz, Emmanuelle and Fribourg, Laurent and
Ruel, Sylvain},
          institution =        {Laboratoire Sp{\'e}cification et V{\'e}rification, ENS Cachan,
France},
          month =        jun,
          note =        {SIMOP Research Report. 49~pages},
          number =        {LSV-09-14},
          type =        {Research Report},
          title =        {Timed Analysis of Networked Automation Systems Combining Simulation and
Parametric Model Checking},
          url =        {http://www.lsv.ens-cachan.fr/Publis/RAPPORTS_LSV/PDF/ rr-lsv-2009-14.pdf},
          year =        {2009},
}

@techreport{aef09,
          author =        {Andr{\'e}, {\'E}. and Encrenaz, E. and Fribourg, L.},
          institution =        {Laboratoire Sp{\'e}cification et V{\'e}rification, ENS Cachan,
France},
          month =        jun,
          number =        {LSV-09-13},
          type =        {Research Report},
          title =        {Synthesizing Parametric Constraints on Various Case Studies Using
{IMITATOR}},
          url =        {http://www.lsv.ens-cachan.fr/Publis/RAPPORTS_LSV/PDF/ rr-lsv-2009-13.pdf},
          year =        {2009},
}
          note =        {18~pages},


@inproceedings{and09b,
          address =        {Paris, France},
          author =        {Andr{\'e}, {\'E}tienne},
          booktitle =        {{A}ctes de la 6{\`e}me {\'E}cole {T}emps-{R}{\'e}el ({ETR}'09)},
          month =        sep,
          title =        {Une m{\'e}thode inverse pour les plus courts chemins},
          url =        {http://www.lsv.ens-cachan.fr/Publis/PAPERS/PDF/andre-etr09.pdf},
          year =        {2009},
}


@techreport{and10-imitator2,
          author =        {Andr{\'e}, {\'E}tienne},
          institution =        {Laboratoire Sp{\'e}cification et V{\'e}rification, ENS Cachan,
France},
          month = nov,
          number = {LSV-10-20},
          title =        {\imitatordeux{} User Manual},
          type =        {Research Report},
          url =        {http://www.lsv.ens-cachan.fr/},
          year =        {2010},
}


@techreport{and10-case-studies,
          author =        {Andr{\'e}, {\'E}tienne},
          institution =        {Laboratoire Sp{\'e}cification et V{\'e}rification, ENS Cachan,
France},
          number = {LSV-10-21},
          title =        {Synthesizing Parametric Constraints on Various Case Studies Using
\imitatordeux},
          type =        {Research Report},
          year =        {2010},
}
          month = nov,
          url =        {http://www.lsv.ens-cachan.fr/},

        
@techreport{AS11b,
          author =        {Andr{\'e}, {\'E}. and Soulat, R.},
          institution =        {Laboratoire Sp{\'e}cification et V{\'e}rification, ENS Cachan,
France},
          title =        {Synthesis of Timing Parameters Satisfying Safety Properties (full
version)},
          type =        {Research Report},
          year =        {2011},
          note =        {Available at
\url{http://www.lsv.ens-cachan.fr/Publis/RAPPORTS_LSV/PDF/rr-lsv-2011-13.pdf}},
}
          institution =        {Laboratoire Sp{\'e}cification et V{\'e}rification, ENS Cachan,
France},


@techreport{ASLD11,
          author =        {Andr{\'e}, {\'E}. and J. Sun and Y. Liu and J.-S. Dong},
          institution =        {NUS},
          title =        {Parametric Stateful Timed {CSP}: Parameter Synthesis for Hierarchical
Real-Time Systems (full version)},
          type =        {Research Report},
          year =        {2011},
          note =        {Available on \url{http://www.comp.nus.edu.sg/~pat/par/asld11.pdf}},
}
          institution =        {School of Computing, National University of Singapore},






%%%%%%%%%%%%%%%%%%%%%%%%%%%%%%%%%%%%%%%%%%%%%%%%%%%%%%%%%%%%
                      RESTE DU MONDE
%%%%%%%%%%%%%%%%%%%%%%%%%%%%%%%%%%%%%%%%%%%%%%%%%%%%%%%%%%%%


%%%%%%%%%%%%%%%%%%%%%%%%%%%%%%%%%%%%%%%%%%%%%%%%%%%%%%%%%%%%
                             A                             
%%%%%%%%%%%%%%%%%%%%%%%%%%%%%%%%%%%%%%%%%%%%%%%%%%%%%%%%%%%%


@inproceedings{aab00,
        author = {A. Annichini and E. Asarin and A. Bouajjani},
        title = {Symbolic Techniques for Parametric Reasoning about Counter and Clock
Systems},
        booktitle = {CAV'00},
        year = {2000},
        isbn = {3-540-67770-4},
        pages = {419--434},
        publisher = {Springer-Verlag},
}
% address = {London, UK},

@article{AAM06,
          author =        {Adbedda{\"i}m, Y. and Asarin, E. and Maler, O.},
          journal =        {TCS},
          number =        {2},
          pages =        {272-300},
          publisher =        {Elsevier Science},
          title =        {Scheduling with timed automata},
          volume =        {354},
          year =        {2006},
}
          month =        mar,


@inproceedings{abbd01,
        author = {T. Amnell and G. Behrmann and J. Bengtsson and P.R. D'Argenio and A.
David and A. Fehnker and T. Hune and B. Jeannet and K.G. Larsen and M.O. M\"oller
and P. Pettersson and C. Weise and W. Yi},
        title = {UPPAAL - Now, Next, and Future},
        booktitle = {Proc. MOVEP'00, LNCS 2067},
        year = {2001},
        pages = {99--124},
        publisher = {Springer}
}

@inproceedings{abs01,
        author = {Annichini, A. and Bouajjani, A. and Sighireanu, M.},
        title = {{TReX}: A Tool for Reachability Analysis of Complex Systems},
        booktitle = {CAV},
        year = {2001},
        isbn = {3-540-42345-1},
        pages = {368--372},
        publisher = {Springer-Verlag},
 }
 address = {London, UK},
: Proceedings of the 13th International Conference on Computer Aided Verification


@inproceedings{acd91,
        author = {Alur, R. and Courcoubetis, C. and Dill, D. L.},
        title = {Model-checking for probabilistic real-time systems},
        booktitle = {Proceedings of the 18th international colloquium on Automata,
languages and programming},
        year = {1991},
        isbn = {0-387-54233-7},
        pages = {115--126},
        location = {Madrid, Spain},
        publisher = {Springer-Verlag New York, Inc.},
        address = {New York, NY, USA},
 }


@article{acd93,
          author =        {Alur, R. and Courcoubetis, C. and Dill, D. L.},
          journal =        {Information and Computation},
          number =        {1},
          pages =        {2-34},
          publisher =        {Academic Press},
          title =        {Model-Checking in Dense Real-Time},
          volume =        {104},
          year =        {1993},
}
          month =        may,


@inproceedings{achdw92,
        author = {Alur, R. and Courcoubetis, C. and Halbwachs, N. and Dill, D. L. and
Wong-Toi, H.},
        title = {Minimization of Timed Transition Systems},
        booktitle = {Proceedings of the Third International Conference on Concurrency Theory},
        series = {CONCUR '92},
        year = {1992},
        isbn = {3-540-55822-5},
        pages = {340--354},
        numpages = {15},
        acmid = {703209},
        publisher = {Springer-Verlag},
        address = {London, UK},
}


@inproceedings{achh92,
        author    = {R. Alur and C. Courcoubetis and T. A. Henzinger and P. H. Ho},
        title     = {Hybrid Automata: An Algorithmic Approach to the Specification and
Verification of Hybrid Systems},
        booktitle = {Hybrid Systems},
        year      = {1992},
        pages     = {209-229},
        bibsource = {DBLP, http://dblp.uni-trier.de}
}
  crossref  = {DBLP:conf/hybrid/1992},



@article{achh95,
        author="R. Alur and C. Courcoubetis and N. Halbwachs and 
                   T. A. Henzinger and P.-H. Ho and X. Nicollin and 
                A. Olivero and J. Sifakis and S. Yovine",
        title="The algorithmic analysis of hybrid systems",
        journal="Theoretical Computer Science",
        volume="138",
        year="1995",
        pages="3--34"
}


@inproceedings{AD90,
        author = {Alur, R. and Dill, D.L.},
        title = {Automata For Modeling Real-Time Systems},
        booktitle = {ICALP'90},
        series = {ICALP'90},
        year = {1990},
        isbn = {3-540-52826-1},
        pages = {322--335},
        numpages = {14},
        publisher = {Springer-Verlag},
} 
 address = {London, UK},
Proceedings of the 17th International Colloquium on Automata, Languages and Programming

@article{ad94,
        author = {Alur, R. and Dill, D.L.},
        title = {A theory of timed automata},
        journal = {{TCS}},
        volume = {126},
        number = {2},
        year = {1994},
        issn = {0304-3975},
        pages = {183--235},
        doi = {http://dx.doi.org/10.1016/0304-3975(94)90010-8},
        publisher = {Elsevier Science Publishers Ltd.},
 }
        address = {Essex, UK},

@article{ADI2006,
 author = {Alur, Rajeev and Dang, Thao and Ivan\v{c}i\'{c}, Franjo},
 title = {Predicate abstraction for reachability analysis of hybrid systems},
 journal = {ACM Trans. Embed. Comput. Syst.},
 volume = {5},
 issue = {1},
 month = {February},
 year = {2006},
 issn = {1539-9087},
 pages = {152--199},
 numpages = {48},
 url = {http://doi.acm.org/10.1145/1132357.1132363},
 doi = {http://doi.acm.org/10.1145/1132357.1132363},
 acmid = {1132363},
 publisher = {ACM},
 address = {New York, NY, USA},
 keywords = {Reachability analysis, hybrid systems, predicate abstraction},
} 

@inproceedings{adss07,
          address =        {Braga, Portugal},
          author =        {D'Aprile, D. and Donatelli, S. and Sangnier, A. and Sproston, J.},
          booktitle =        {{P}roceedings of the 13th {I}nternational {C}onference on {T}ools
and {A}lgorithms for {C}onstruction and {A}nalysis of {S}ystems ({TACAS}'07)},
          DOI =        {10.1007/978-3-540-71209-1_18},
          editor =        {Grumberg, Orna and Huth, Michael},
          month =        mar,
          pages =        {216-230},
          publisher =        {Springer},
          series =        {LNCS},
          title =        {From Time {P}etri Nets to Timed Automata: An Untimed Approach},
          url =        {http://www.lsv.ens-cachan.fr/Publis/PAPERS/PDF/DADSS-tacas07.pdf},
          volume =        {4424},
          year =        {2007},
}


@inproceedings{ahv93,
        author = {R. Alur and T. A. Henzinger and M. Y. Vardi},
        title = {Parametric real-time reasoning},
        booktitle = {STOC'93},
        year = {1993},
        isbn = {0-89791-591-7},
        pages = {592--601},
        doi = {http://doi.acm.org/10.1145/167088.167242},
        publisher = {ACM},
}
 location = {San Diego, California, United States},
 address = {New York, USA},

@inproceedings{aiky92,
 author = {R. Alur and A. Itai and R. P. Kurshan and M. Yannakakis},
 title = {Timing Verification by Successive Approximation},
 booktitle = {CAV '92},
 year = {1993},
 isbn = {3-540-56496-9},
 pages = {},
 publisher = {Springer-Verlag},
 }
% address = {London, UK},


@inproceedings{akrs08,
        author = {Alur, R. and Kanade, A. and Ramesh, S. and Shashidhar, K. C.},
        title = {Symbolic analysis for improving simulation coverage of Simulink/Stateflow
models},
        booktitle = {EMSOFT'08},
        year = {2008},
        pages = {89--98},
        publisher = {ACM},
}
        address = {New York, NY, USA},
        booktitle = {EMSOFT '08: Proceedings of the 8th ACM international conference on
Embedded software},
        doi = {http://doi.acm.org/10.1145/1450058.1450071},
        isbn = {978-1-60558-468-3},
        location = {Atlanta, GA, USA},


@phdthesis{alur92,
 author = {Alur, Rajeev},
 title = {Techniques for automatic verification of real-time systems},
 year = {1992},
 order_no = {UMI Order No. GAX92-06729},
 publisher = {Stanford University},
 address = {Stanford, CA, USA},
}


@inproceedings{AM02,
  author    = {Yasmina Abdedda\"{\i}m and
               Oded Maler},
  title     = {Preemptive Job-Shop Scheduling Using Stopwatch Automata},
  booktitle = {TACAS},
  year      = {2002},
  pages     = {113-126},
}
  ee        = {http://dx.doi.org/10.1007/3-540-46002-0_9},
  crossref  = {DBLP:conf/tacas/2002},
  bibsource = {DBLP, http://dblp.uni-trier.de}




@inproceedings{AMP98,
        author = {Asarin, E. and Maler, O. and Pnueli, A.},
        title = {On Discretization of Delays in Timed Automata and Digital Circuits},
        booktitle = {CONCUR '98},
        series = {CONCUR '98},
        year = {1998},
        isbn = {3-540-64896-8},
        pages = {470--484},
        numpages = {15},
        acmid = {701304},
        publisher = {Springer-Verlag},
} 
        address = {London, UK},
Proceedings of the 9th International Conference on Concurrency Theory


@inproceedings{atp01,
        author = {Alur, R. and Torre, S. La and Pappas, G. J.},
        title = {Optimal Paths in Weighted Timed Automata},
        booktitle = {HSCC '01: Proceedings of the 4th International Workshop on Hybrid
Systems},
        year = {2001},
        isbn = {3-540-41866-0},
        pages = {49--62},
        publisher = {Springer-Verlag},
        address = {London, UK},
}



%%%%%%%%%%%%%%%%%%%%%%%%%%%%%%%%%%%%%%%%%%%%%%%%%%%%%%%%%%%%
                             B
%%%%%%%%%%%%%%%%%%%%%%%%%%%%%%%%%%%%%%%%%%%%%%%%%%%%%%%%%%%%


@article{b57,
        title={{A Markov decision process}},
        author={Bellman, Richard E.},
        journal={Journal of Mathematical Mechanics},
        volume={6},
        pages={679--684},
        year={1957}
}


@techreport{bara10,
          author = {Abdelrezzak Bara},
          institution = {LIP6},
          note =        {ANR-VALMEM Technical Report},
          type =        {Research Report},
          title =        {VHDL2TA: A Tool for Automatic Translation of VHDL Programs plus Timings
into Timed Automata.},
          url =        {http://www.lsv.ens-cachan.fr/~encrenaz/valmem/vhdl2hytech},
          year =        {2009},
}


@inproceedings{bbm03,
  author    = {R. Ben Salah and
               M. Bozga and
               O. Maler},
  title     = {On Timing Analysis of Combinational Circuits},
  booktitle = {FORMATS '03},
  year      = {2003},
  pages     = {204-219},
  bibsource = {DBLP, http://dblp.uni-trier.de}
}


@inproceedings{bbm06,
        title = {On Interleaving in Timed Automata},
        author = {R. Ben Salah and M. Bozga and O. Maler},
        booktitle = {CONCUR '06},
        pages = {465-476},
        publisher = {Springer},
        series = {LNCS},
        url = {http://dblp.uni-trier.de/db/conf/concur/concur2006.html#SalahBM06},
        volume = {4137},
        ee = {http://dx.doi.org/10.1007/11817949_31}, isbn = {3-540-37376-4}, date =
{2006-08-22},
        year = {2006},
        description = {dblp},
        keywords = {dblp }
}


@inproceedings{bc05,
        address =        {Giens, France},
        author =        {Baclet, M. and Chevallier, R.},
        booktitle =        {Proceedings of the 1st {I}nternational {C}onference on {M}emory
{T}echnology and {D}esign ({ICMTD}'05)},
        month =        may,
        pages =        {89-92},
        title =        {Timed Verification of the {SPSMALL} Memory},
        url =        {http://www.lsv.ens-cachan.fr/Publis/PAPERS/PDF/BC05-spsmall.pdf},
        year =        {2005},
}


@article{bcg88,
        author = {Browne, M. C. and Clarke, E. M. and Grumberg, O.},
        title = {Characterizing finite Kripke structures in propositional temporal logic},
        journal = {Theor. Comput. Sci.},
        volume = {59},
        number = {1-2},
        year = {1988},
        issn = {0304-3975},
        pages = {115--131},
        doi = {http://dx.doi.org/10.1016/0304-3975(88)90098-9},
        publisher = {Elsevier Science Publishers Ltd.},
        address = {Essex, UK},
 }


%% OUTDATED ??
@inproceedings{bdfp00,
  author    = {Patricia Bouyer and
               Catherine Dufourd and
               Emmanuel Fleury and
               Antoine Petit},
  title     = {Are Timed Automata Updatable?},
  booktitle = {CAV},
  year      = {2000},
  pages     = {464-479},
  bibsource = {DBLP, http://dblp.uni-trier.de}
}


@article{bdfp04,
          author =        {Bouyer, P. and Dufourd, C. and Fleury, E. and Petit, A.},
          journal =        {Theoretical Computer Science},
          month =        aug,
          number =        {2-3},
          pages =        {291-345},
          publisher =        {Elsevier Science Publishers},
          title =        {Updatable Timed Automata},
          volume =        {321},
          year =        {2004},
}


@article{Beauquier03,
  author    = {Dani{\`e}le Beauquier},
  title     = {On probabilistic timed automata},
  journal   = {Theor. Comput. Sci.},
  volume    = {292},
  number    = {1},
  year      = {2003},
  pages     = {65-84},
  bibsource = {DBLP, http://dblp.uni-trier.de}
}


@inproceedings{bf99,
      address =     {Trento, Italy},
      author =     {B{\'e}rard, B. and Fribourg, L.},
      booktitle =     {{CAV}'99},
      pages =     {96-107},
      publisher =     {Springer},
      series =     {{LNCS}},
      title =     {Automated Verification of a Parametric Real-Time Program: {T}he
{ABR} Conformance Protocol},
      volume =     {1633},
      year =     {1999},
}


@inproceedings{bfhl01,
  author    = {G. Behrmann and
               A. Fehnker and
               T. Hune and
               K.G. Larsen and
               P. Pettersson and
               J. Romijn and
               F.W. Vaandrager},
  title     = {Minimum-Cost Reachability for Priced Timed Automata},
  booktitle = {HSCC},
  year      = {2001},
  pages     = {147-161},
  ee        =
{http://link.springer.de/link/service/series/0558/bibs/2034/20340147.htm},
}


@article{bhz08,
        Author = {R. Bagnara and P. M. Hill and E. Zaffanella},
        Title = {The {Parma Polyhedra Library}: Toward a Complete Set of Numerical
Abstractions for the Analysis and Verification of Hardware and Software Systems},
        Journal = {Science of Computer Programming},
        Volume = 72,
        Number = {1--2},
        Pages = {3--21},
        Year = 2008,
}


@article{bjmy02,
  author    = {M. Bozga and
               J. Hou and
               O. Maler and
               S. Yovine},
  title     = {Verification of Asynchronous Circuits using Timed Automata},
  journal   = {Electr. Notes Theor. Comput. Sci.},
  volume    = {65},
  number    = {6},
  year      = {2002},
  ee        =
{http://www.elsevier.com/gej-ng/31/29/23/117/51/show/Products/notes/index.htt\#005},
  bibsource = {DBLP, http://dblp.uni-trier.de}
}


@book{bk08,
 author = {Baier, C. and Katoen, J.-P.},
 title = {Principles of Model Checking},
 year = {2008},
 isbn = {026202649X, 9780262026499},
 publisher = {The MIT Press},
 }



@inproceedings{blpwy99,
        author    = {G. Behrmann and
               K.G. Larsen and
               J. Pearson and
               C. Weise and
               W. Yi},
        title     = {{Efficient Timed Reachability Analysis Using Clock Difference Diagrams}},
        booktitle = {CAV'99},
        year      = {1999},
        pages     = {341-353},
        publisher = {Springer},
        series    = {LNCS},
        volume    = {1633},
}
        booktitle = {11th International Conference on Computer Aided Verification (CAV)},
        series    = {Lecture Notes in Computer Science},


@article{blr05,
        author    = {Gerd Behrmann and
               Kim Guldstrand Larsen and
               Jacob Illum Rasmussen},
        title = {Optimal scheduling using priced timed automata},
        journal = {SIGMETRICS Perform. Eval. Rev.},
        volume = {32},
        number = {4},
        year = {2005},
        issn = {0163-5999},
        pages = {34--40},
        publisher = {ACM},
}
 doi = {http://doi.acm.org/10.1145/1059816.1059823},
 address = {New York, NY, USA},

@inproceedings{BLR05formats,
  author    = {Gerd Behrmann and
               Kim Guldstrand Larsen and
               Jacob Illum Rasmussen},
  title     = {Beyond Liveness: Efficient Parameter Synthesis for Time
               Bounded Liveness},
  booktitle = {FORMATS},
  year      = {2005},
  pages     = {81-94},
}

@inproceedings{bm83,
        author = {B. Berthomieu and M. Menasche},
        title = {An Enumerative Approach For Analyzing Time Petri Nets},
        booktitle = {Proceedings IFIP},        
        year = {1983},
        pages = {41--46},
        publisher = {Elsevier Science Publishers}
}


@inproceedings{bmr06,
        address =        {Valdivia, Chile},
        author =        {Bouyer, P. and Markey, N. and Reynier, P.-A.},
        booktitle =        {{P}roceedings of the 7th {L}atin {A}merican {S}ymposium on
{T}heoretical {I}nformatics ({LATIN}'06)},
        DOI =        {10.1007/11682462_25},
        editor =        {Correa, Jose R. and Hevia, Alejandro and Kiwi, Marcos},
        month =        mar,
        pages =        {238-249},
        publisher =        {Springer},
        series =        {LNCS},
        title =        {Robust Model-Checking of Linear-Time Properties in Timed Automata},
        url =        {http://www.lsv.ens-cachan.fr/Publis/PAPERS/PDF/BMR-latin06.pdf},
        volume =        {3887},
        year =        {2006},
}


@article{BPDG98,
        author = {B\'{e}rard, B. and Petit, A. and Diekert, V. and Gastin, P.},
        title = {Characterization of the expressive power of silent transitions in timed
automata},
        journal = {Fundamenta Informaticae},
        volume = {36},
        issue = {2-3},
        year = {1998},
        issn = {0169-2968},
        pages = {145--182},
        numpages = {38},
        publisher = {IOS Press},
} 
        month = {November},
        address = {Amsterdam, The Netherlands, The Netherlands},


@report{delivrable-VALMEM-D24,
        author = {P. Bazargan Sabet and P. Renault and D. Le D\^u},
        institution = {Universit\'e Pierre et Marie Curie, France},
        note =        {VALMEM Project deliverable~2.4},
        title = {Prototype d'outil d'abstraction fonctionnelle},
        type = {VALMEM Project deliverable~2.4},
        year = {2009},
}
          type =        {Technical Report},


@article{brv04,
  author    = {B. Berthomieu and P.-O. Ribet and F. Vernadat},
  title     = {The tool {TINA} -- Construction of Abstract State Spaces for Petri
Nets and Time Petri Nets},
  journal   = {International Journal of Production Research},
  volume    = {42},
  number    = {14},
  year      = {2004},
}
 
 
@book{bs95,
        title = "Asynchronous Circuits",
        author = {J. A. Brzozowski and C. J. Seger},
        publisher = "Springer-Verlag",
        year = "1995"
}


@inproceedings{bv06,
        author    = {B. Berthomieu and F. Vernadat},
        title     = {Time Petri Nets Analysis with TINA},
        booktitle = {QEST},
        year      = {2006},
        pages     = {123-124},
        bibsource = {DBLP, http://dblp.uni-trier.de}
}


@inproceedings{by03,
        author    = {J. Bengtsson and
               W. Yi},
        title     = {Timed Automata: Semantics, Algorithms and Tools},
        booktitle = {Lectures on Concurrency and Petri Nets},
        year      = {2003},
        pages     = {87-124},
        publisher = {Springer},
        series    = {LNCS},
        volume    = {3098},
}
        series    = {Lecture Notes in Computer Science},

%%%%%%%%%%%%%%%%%%%%%%%%%%%%%%%%%%%%%%%%%%%%%%%%%%%%%%%%%%%%
                             C
%%%%%%%%%%%%%%%%%%%%%%%%%%%%%%%%%%%%%%%%%%%%%%%%%%%%%%%%%%%%


@inproceedings{cc77,
        author    = {P. Cousot and R. Cousot},
        title     = {Abstract Interpretation: A Unified Lattice Model for Static Analysis
of Programs by Construction or Approximation of Fixpoints},
        booktitle = {POPL},
        year      = {1977},
        pages     = {238-252},
        ee        = {http://doi.acm.org/10.1145/512950.512973},
        bibsource = {DBLP, http://dblp.uni-trier.de}
}


@inproceedings{cc04b,
 author = {R. Claris\'{o} and J. Cortadella},
 title = {Verification of timed circuits with symbolic delays},
 booktitle = {ASP-DAC '04},
 year = {2004},
 isbn = {0-7803-8175-0},
 pages = {628--633},
 location = {Yokohama, Japan},
 publisher = {IEEE Press},
 address = {Piscataway, NJ, USA},
 }

% OUTDATED : see cc07
@ inproceedings{cc04,
 author = {R. Claris\'{o} and J. Cortadella},
 title = {The octahedron abstract domain},
 booktitle = {SAS '04},
 year = {2004},
 }


@inproceedings{cc05,
 author = {R. Claris\'{o} and J. Cortadella},
 title = {Verification of Concurrent Systems with Parametric Delays Using Octahedra},
 booktitle = {ACSD '05},
 year = {2005},
 isbn = {0-7695-2363-3},

 doi = {http://dx.doi.org/10.1109/ACSD.2005.34},
 publisher = {IEEE Computer Society},

 }


@article{cc07,
 author = {Claris\'{o}, R. and Cortadella, J.},
 title = {The octahedron abstract domain},
 journal = {Sci. Comput. Program.},
 volume = {64},
 number = {1},
 year = {2007},
 issn = {0167-6423},
 pages = {115--139},
 doi = {http://dx.doi.org/10.1016/j.scico.2006.03.009},
 publisher = {Elsevier North-Holland, Inc.},
 address = {Amsterdam, The Netherlands, The Netherlands},
 }


@InProceedings{ccgg+02,
        author =       {A. Cimatti and E. Clarke and E. Giunchiglia and F. Giunchiglia and
M. Pistore and M. Roveri and R. Sebastiani and A. Tacchella},
        title =        {{NuSMV Version 2: An OpenSource Tool for Symbolic Model Checking}},
        booktitle =    {Proc. International Conference on Computer-Aided Verification (CAV
2002)},
        month = {July},
        year =         {2002},
        address =      {Copenhagen, Denmark},
        volume =       {2404},
        series =       {LNCS},
        publisher = {Springer}
}


@inproceedings{ccggq98,
    author = {J. Cochet-Terrasson and G. Cohen and S. Gaubert and M. Mc Gettrick and
J-P. Quadrat},
    title = {Numerical Computation of Spectral Elements in Max-Plus Algebra},
    booktitle = {IFAC Conf. on Syst. Structure and Control},
    year = {1998}
}


@inproceedings{CC0SS04,
  author    = {S. Chaki and
               E. M. Clarke and
               J. Ouaknine and
               N. Sharygina and
               N. Sinha},
  title     = {State/Event-Based Software Model Checking},
  booktitle = {IFM'04},
  year      = {2004},
  pages     = {128-147},
  series    = {LNCS},
  volume    = {2999},
    publisher = {Springer},
}
  booktitle = {4th International Conference on Integrated Formal Methods (IFM)},
  series    = {Lecture Notes in Computer Science},


@inproceedings{cdfps08,
        author={N. Chamseddine and M. Duflot and L. Fribourg and C. Picaronny and J.
Sproston},
        title={Computing Expected Absorption Times for Parametric Determinate Probabilistic
Timed Automata},
        booktitle={Proc. QEST'08},
        year={2008},
        editor={},
        pages={254-263},
        organization={},
        publisher={IEEE},
        series={},
        volume={},
        address={},
        month={},
        note={},
        key={}
}


@inproceedings{cdy02,
        author = {S. Chakraborty and D. L. Dill and Y. Yun},
        title = {Efficient Algorithms for Approximate Time Separation of Events},
        booktitle = {Academy Proceedings in Engineering Sciences},
        year = {2001},
}
        pages = {2002}


@inproceedings{ce82,
        author = {Clarke, E. M. and Emerson, E. A.},
        title = {Design and Synthesis of Synchronization Skeletons Using Branching-Time
Temporal Logic},
        booktitle = {Logic of Programs, Workshop},
        year = {1982},
        isbn = {3-540-11212-X},
        pages = {52--71},
        publisher = {Springer-Verlag},
        address = {London, UK},
}


@article{cefx06,
        author =        {Chevallier, R. and Encrenaz{-}Tiph{\`e}ne, E. and Fribourg, L. and Xu, W.},
        journal =        {WSEAS Transactions on Circuits and Systems},
        month =        jul,
        number =        {7},
        pages =        {973-978},
        publisher =        {World Scientific and Engineering Academy and Society},
        title =        {Timing analysis of an embedded memory: {SPSMALL}},
        url =        {http://www.lsv.ens-cachan.fr/Publis/PAPERS/PDF/CEFX-wseas06.pdf},
        volume =        {5},
        year =        {2006},
}


% OUTDATED
% inproceedings{cefx06Formats,
          address =        {Paris, France},
          author =        {Chevallier, R. and Encrenaz-Tiph{\`e}ne, E. and Fribourg, L. and Xu, W.},
          booktitle =        {FORMATS '06},
          DOI =        {10.1007/11867340_9},
          pages =        {},
          publisher =        {Springer},
          series =        {LNCS},
          title =        {Verification of the Generic Architecture of a Memory Circuit Using
Parametric Timed Automata},
          url =        {http://www.lsv.ens-cachan.fr/Publis/PAPERS/PDF/CEFX-formats06.pdf},
          volume =        {4202},
          year =         {2006},
}


@article{cefx09,
          author =        {Chevallier, R. and Encrenaz, E. and Fribourg, L. and Xu, W.},
          DOI =        {10.1007/s10703-008-0061-x},
          journal =        {Formal Methods in System Design},
          number =        {1},
          pages =        {59-81},
          publisher =        {Kluwer Academic Publishers},
          title =        {Timed Verification of the Generic Architecture of a Memory Circuit Using
Parametric Timed Automata},
          volume =        {34},
          year =        {2009},
}
          url =        {http://www.lsv.ens-cachan.fr/Publis/PAPERS/PDF/CEFX-fmsd08.pdf},
          month =        feb,


@inproceedings{cerans93,
        author = {Cer\={a}ns, \v{K}\={a}rlis},
        title = {Decidability of Bisimulation Equivalences for Parallel Timer Processes},
        booktitle = {CAV '92: Proceedings of the Fourth International Workshop on Computer
Aided Verification},
        year = {1993},
        isbn = {3-540-56496-9},
        pages = {302--315},
        publisher = {Springer-Verlag},
        address = {London, UK},
}


@inproceedings{cfly10,
        title = { {T}wo-phase algorithms for the parametric shortest path problem},
        author = {{C}hakraborty, {S}. and {F}ischer, {E}. and {L}achish, {O}. and {Y}uster,
{R}.},
        keywords = {{P}arametric {A}lgorithms ; {S}hortest path problem},
        language = {{E}nglish},
        affiliation = {{C}entrum voor {W}iskunde en {I}nformatica - {CWI} - {N}etherlands
{O}rganisation for {S}cientific {R}esearch - {CWI} - {D}epartment of {C}omputer
{S}cience - {T}echnion - {C}entre for {D}iscrete {M}athematics and its
{A}pplications - {U}niversity of {W}arwick - {D}epartment of {M}athematics -
{U}niversity of {H}aifa },
        booktitle = {{P}roceedings of the 27th {A}nnual {S}ymposium on the {T}heoretical
{A}spects of {C}omputer {S}cience ({STACS} 2010)},
        pages = {167-178 },
        address = {{N}ancy {F}rance },
        organization = {{I}nria {N}ancy {G}rand {E}st \& {L}oria },
        editor = {{J}ean-{Y}ves {M}arion and {T}homas {S}chwentick },
        audience = {international },
        year = {2010},
        URL = {http://hal.inria.fr/inria-00455816/PDF/chakraborty.pdf},
}
        note = {{F}.: {T}heory of {C}omputation/{F}.2: {ANALYSIS} {OF} {ALGORITHMS} {AND}
{PROBLEM} {COMPLEXITY}/{F}.2.3: {T}radeoffs between {C}omplexity {M}easures },


@book{cgp99,
 author = {Clarke, E. M. and Grumberg, O. and Peled, D. A.},
 title = {Model Checking},
 year = {1999},
 publisher = {MIT Press},
 }


@inproceedings{ch78,
 author = {Cousot, P{.} and Halbwachs, N{.}},
 title = {Automatic discovery of linear restraints among variables of a program},
 booktitle = {POPL '78},
 year = {1978},
 pages = {84--96},
 location = {Tucson, Arizona},
 doi = {http://doi.acm.org/10.1145/512760.512770},
 publisher = {ACM},
 }


@inproceedings{chr02,
        author = {Cassez, F. and Henzinger, T. A. and Raskin, J.-F.},
        title = {A Comparison of Control Problems for Timed and Hybrid Systems},
        booktitle = {HSCC '02: Proceedings of the 5th International Workshop on Hybrid
Systems: Computation and Control},
        year = {2002},
        isbn = {3-540-43321-X},
        pages = {134--148},
        publisher = {Springer-Verlag},
        address = {London, UK},
}


@inproceedings{cgjlv00,
        author = {E. M. Clarke and O. Grumberg and S. Jha and Y. Lu and H. Veith},
        title = {Counterexample-Guided Abstraction Refinement},
        booktitle = {CAV'00},
        year = {2000},
        isbn = {3-540-67770-4},
        pages = {154--169},
        publisher = {Springer-Verlag},
 }
% address = {London, UK},


@inproceedings{cpr08,
        author = {Cimatti, A. and Palopoli, L. and Ramadian, Y.},
        title = {Symbolic Computation of Schedulability Regions Using Parametric Timed
Automata},
        booktitle = {RTSS},
        year = {2008},
        isbn = {978-0-7695-3477-0},
        pages = {80--89},
        publisher = {IEEE Computer Society},
        address = {Washington, DC, USA},
}
        doi = {http://dx.doi.org/10.1109/RTSS.2008.36},
        booktitle = {RTSS '08: Proceedings of the 2008 Real-Time Systems Symposium},
        address = {Washington, DC, USA},


@ARTICLE{cr06,
        AUTHOR = {Cassez, F. and Roux, O. H.},
        TITLE = {Structural Translation from {Time Petri Nets to Timed Automata} --
{Model-Checking Time Petri Nets via Timed Automata}},
        PAGES = {1456-1468},
        VOLUME = {79},
        NUMBER = {10},
        YEAR = 2006,
        PUBLISHER = {Elsevier},
        JOURNAL = {The journal of Systems and Software},
        PDF = {./fichiers/cr-jss-2006.pdf},
        CATEGORY = {intJournal}
}
        NOTE = {Copyright \begin{rawhtml}Elsevier\end{rawhtml}},


@inproceedings{cs01,
        author =     {A. {Collomb--Annichini} and M. Sighireanu},
        year =       2001,
        title =      {Parameterized Reachability Analysis of the {IEEE 1394 Root Contention
Protocol using TReX}},
        booktitle =  {RT-TOOLS'01},
}


@inproceedings{csd97,
        author = {S. Chakraborty and P. A. Subrahmanyam and D. L. Dill},
        title = {Approximate Time Separation of Events in Practice},
        year = {1997},
        booktitle = {Proc. of 5th ACM/IEEE Int. Workshop TAU (REFERENCE A REVOIR)},
}




%%%%%%%%%%%%%%%%%%%%%%%%%%%%%%%%%%%%%%%%%%%%%%%%%%%%%%%%%%%%
                             D
%%%%%%%%%%%%%%%%%%%%%%%%%%%%%%%%%%%%%%%%%%%%%%%%%%%%%%%%%%%%


@book{Davies93,
        author = {J. Davies},
        publisher = {Cambridge University Press},
        title = {Specification and Proof in Real-Time {CSP}},
        year = {1993},
        isbn = {0-521-45055-1},
}
 address = {New York, NY, USA},


@inproceedings{d04,
        author = {Conrado Daws},
        title = {Symbolic and parametric model checking of discrete-time {M}arkov Chains},
        booktitle = {Proc. ICTAC'04},
        series={LNCS},
        publisher={Springer},
        volume={3407},
        year = {2004},
        pages = {280--294}
}


@article{ddr05,
        author = {De Wulf, M. and Doyen, L. and Raskin, J.-F.},
        title = {Almost ASAP semantics: from timed models to timed implementations},
        journal = {Form. Asp. Comput.},
        volume = {17},
        number = {3},
        year = {2005},
        issn = {0934-5043},
        pages = {319--341},
        doi = {http://dx.doi.org/10.1007/s00165-005-0067-8},
        publisher = {Springer-Verlag},
        address = {London, UK},
}


@inproceedings{ddmr04,
        address =        {Grenoble, France},
        author =        {De{~}Wulf, M. and Doyen, L. and Markey, N. and Raskin, J.-F.},
        booktitle =        {{P}roceedings of the {J}oint {C}onferences {F}ormal {M}odelling and
{A}nalysis of {T}imed {S}ystems ({FORMATS}'04) and {F}ormal {T}echniques in
{R}eal-{T}ime and {F}ault-{T}olerant {S}ystems ({FTRTFT}'04)},
        editor =        {Lakhnech, Yassine and Yovine, Sergio},
        pages =        {118-133},
        publisher =        {Springer},
        series =        {LNCS},
        title =        {Robustness and Implementability of Timed Automata},
        url =        {http://www.lsv.ens-cachan.fr/Publis/PAPERS/PDF/DDMR-formats2004.pdf},
        volume =        {3253},
        year =        {2004},
}
        month =        sep,


@inproceedings{dg06,
        author = {Dhingra, V. and Gaubert, S.},
        title = {How to solve large scale deterministic games with mean payoff by policy
iteration},
        booktitle = {Valuetools '06},
        year = {2006},
        isbn = {1-59593-504-5},
        pages = {12},
        location = {Pisa, Italy},
        publisher = {ACM},
        address = {New York, NY, USA},
}


@inproceedings{dill89,
        author = {Dill, David L.},
        title = {Timing assumptions and verification of finite-state concurrent systems},
        booktitle = {Proceedings of the international workshop on Automatic verification
methods for finite state systems},
        year = {1990},
        isbn = {0-387-52148-8},
        pages = {197--212},
        publisher = {Springer-Verlag},
}
        address = {New York, NY, USA},
        publisher = {Springer-Verlag New York, Inc.},
        location = {Grenoble, France},


@inproceedings{dkrt97,
 author = {P.R. D'Argenio and J.P. Katoen and T.C. Ruys and G.J. Tretmans},
 title = {The Bounded Retransmission Protocol Must Be on Time!},
 booktitle = {TACAS'97},
 year = {1997},
 isbn = {3-540-62790-1},
 publisher = {Springer},
 }
% address = {London, UK},
% pages = {416--431},


@article{Doy07,
  author    = "Doyen, Laurent",
  title     = "Robust Parametric Reachability for Timed Automata",
  journal   = "Information Processing Letters",
  volume    = "102",
  number    = "5",
  year      = "2007",
  pages     = "208-213"
}


@book{dr95,
        author = {V. Diekert},
        title = {The  Book of Traces},
        year = {1995},
        isbn = {9810220588},
        publisher = {World Scientific Publishing Co., Inc.},
        address = {River Edge, NJ, USA},
 }


@InProceedings{drfmf07,
        author ={B. Denis and S. Ruel and J.-M. Faure and G. Marsal and G. Frey},
        title = {Measuring the impact of vertical integration on response times in
{E}thernet fieldbuses},
        booktitle ={Proc. of ETFA'07},
        year ={2007},
}


@inproceedings{dy95,
        author    = {C. Daws and S. Yovine},
        title     = {Two Examples of Verification of Multirate Timed Automata with Kronos},
        booktitle = {IEEE Real-Time Systems Symposium},
        year      = {1995},
        pages     = {66-75},
        bibsource = {DBLP, http://dblp.uni-trier.de}
}




%%%%%%%%%%%%%%%%%%%%%%%%%%%%%%%%%%%%%%%%%%%%%%%%%%%%%%%%%%%%
                             E
%%%%%%%%%%%%%%%%%%%%%%%%%%%%%%%%%%%%%%%%%%%%%%%%%%%%%%%%%%%%


@inproceedings{ec80,
        author = {Emerson, E. Allen and Clarke, Edmund M.},
        title = {Characterizing Correctness Properties of Parallel Programs Using Fixpoints},
        booktitle = {Proceedings of the 7th Colloquium on Automata, Languages and
Programming},
        year = {1980},
        isbn = {3-540-10003-2},
        pages = {169--181},
        publisher = {Springer-Verlag},
        address = {London, UK},
}


@inproceedings{ef08,
          author =        {Encrenaz, E. and Fribourg, L.},
          booktitle =        {{P}roceedings of the {LIX} {C}olloquium '06},
          title =        {Time Separation of Events\,: An Inverse Method},
          year =        {2008},
          publisher =        {Elsevier Science Publishers},
          address =        {Palaiseau, France},
          series =        {{ENTCS}},
         volume =        {209}
}
%          series =        {Electronic Notes in Theoretical Computer Science},
 %        booktitle =        {{P}roceedings of the {LIX} {C}olloquium on {E}merging {T}rends in
{C}oncurrency {T}heory ({LIX}'06)},
 %          pages =        {135-148},
%          booktitle =        {{LIX}'06},
%          DOI =        {10.1016/j.entcs.2008.04.008},
%          editor =        {Palamidessi, Catuscia and Valencia, Franck},
%          month =        apr,
%          url =        {http://www.lsv.ens-cachan.fr/Publis/PAPERS/PDF/EF-lix06.pdf},




%%%%%%%%%%%%%%%%%%%%%%%%%%%%%%%%%%%%%%%%%%%%%%%%%%%%%%%%%%%%
                             F
%%%%%%%%%%%%%%%%%%%%%%%%%%%%%%%%%%%%%%%%%%%%%%%%%%%%%%%%%%%%


@article{f62,
        author = {Floyd, Robert W.},
        title = {Algorithm 97: Shortest path},
        journal = {Commun. ACM},
        volume = {5},
        number = {6},
        year = {1962},
        publisher = {ACM},
 }
        address = {New York, NY, USA},

@article{FHW99,
        author = {C.J. Fidge and I.J. Hayes and G. Watson},
        title = {The Deadline Command},
        journal = {IEE Proceedings---Software},
        volume = {146},
        number = {2},
        pages = {104--111},
        year = {1999}
}
        month = apr,
        project = {TPA},


@inproceedings{finkel06,
        author    = {Olivier Finkel},
        title     = {Undecidable Problems About Timed Automata},
        booktitle = {FORMATS},
        year      = {2006},
        pages     = {187-199},
        ee        = {http://dx.doi.org/10.1007/11867340_14},
}


@inproceedings{fjk08,
        title = {A Counterexample-Guided Approach to Parameter Synthesis for Linear Hybrid
Automata},
        author = {G. Frehse and S.K. Jha and B.H. Krogh},
        booktitle = {HSCC'08},
        pages = {187-200},
        publisher = {Springer},
        series = {LNCS},
        volume = {4981},
        year = {2008},
        date = {2008-08-27},
}


@inproceedings{FK11,
          author =        {Fribourg, Laurent and K{\"u}hne, Ulrich},
          booktitle =        {{RP}},
          pages =        {191--204},
          publisher =        {Springer},
          series =        {LNCS},
          title =        {Parametric Verification and Test Coverage for Hybrid Automata Using the
Inverse Method},
          url =        {http://www.lsv.ens-cachan.fr/Publis/PAPERS/PDF/FK-RP11.pdf},
          volume =        {6945},
          year =        {2011},
}
          DOI =        {10.1007/978-3-642-24288-5_17},
          editor =        {Delzanno, Giorgio and Potapov, Igor},
          month =        sep,
          address =        {Genova, Italy},
          booktitle =        {{P}roceedings of the 5th {W}orkshop on {R}eachability {P}roblems in
{C}omputational {M}odels ({RP}'11)},
          series =        {Lecture Notes in Computer Science},


@inproceedings{fkr06,
 author = {Frehse, G. and Krogh, B.H. and Rutenbar, R.A.},
 title = {Verifying analog oscillator circuits using forward/backward abstraction
refinement},
 booktitle = {DATE '06: Proceedings of the conference on Design, automation and test
in Europe},
 year = {2006},
 isbn = {3-9810801-0-6},
 pages = {257--262},
 publisher = {European Design and Automation Association},
 }
 location = {Munich, Germany},
 address = {3001 Leuven, Belgium, Belgium},


@phdthesis{Frehse05PhD,
 author = {Frehse, Goran},
 title = {Compositional Verification of Hybrid Systems using Simulation Relations},
 year = {2005},
 publisher = {Radboud University Nijmegen},
        school = {Radboud University Nijmegen},
        type = {Ph.D. Thesis},
}


@inproceedings{frehse05,
        author    = {Goran Frehse},
        title     = {{PHAVer}: Algorithmic Verification of Hybrid Systems Past {HyTech}},
        booktitle = {HSCC},
        year      = {2005},
        pages     = {258-273},
        bibsource = {DBLP, http://dblp.uni-trier.de}
}
  ee        =
{http://springerlink.metapress.com/openurl.asp?genre=article{\&}issn=0302-9743{\&}volume=3414{\&}spage=258},
        crossref  = {DBLP:conf/hybrid/2005},




%%%%%%%%%%%%%%%%%%%%%%%%%%%%%%%%%%%%%%%%%%%%%%%%%%%%%%%%%%%%
                             G
%%%%%%%%%%%%%%%%%%%%%%%%%%%%%%%%%%%%%%%%%%%%%%%%%%%%%%%%%%%%



@inproceedings{ghj97,
        author =        {Gupta, V. and Henzinger, T. A. and Jagadeesan, R.},
        booktitle =        {{P}roceedings of the 1997 {I}nternational {W}orkshop on {H}ybrid and
{R}eal-Time {S}ystems ({HART}'97)},
        editor =        {Maler, Oded},
        month =        mar,
        pages =        {331-345},
        publisher =        {Springer-Verlag},
        series =        {LNCS},
        title =        {Robust Timed Automata},
        volume =        {1201},
        year =        {1997},
}


@mastersthesis{gj95,
        author =        {H. Gregersen and H. E. Jensen},
        school =        {Department of Mathematics and Computer Science, Aalborg University},
        type =        {Master's Thesis},
        title =        {Formal Design of Reliable Real Time Systems},
        year =        {1995},
}


@inproceedings{gpss80,
  author    = {D. M. Gabbay and
               A. Pnueli and
               S. Shelah and
               J. Stavi},
  title     = {On the Temporal Basis of Fairness},
  booktitle = {POPL},
  year      = {1980},
  pages     = {163-173},
  ee        = {http://doi.acm.org/10.1145/567446.567462},
  bibsource = {DBLP, http://dblp.uni-trier.de}
}




%%%%%%%%%%%%%%%%%%%%%%%%%%%%%%%%%%%%%%%%%%%%%%%%%%%%%%%%%%%%
                             H
%%%%%%%%%%%%%%%%%%%%%%%%%%%%%%%%%%%%%%%%%%%%%%%%%%%%%%%%%%%%


@book{hh07,
 author = {Harris, D. and Harris, S.},
 title = {Digital Design and Computer Architecture},
 year = {2007},
 isbn = {0123704979},
 publisher = {Morgan Kaufmann Publishers Inc.},
 address = {San Francisco, CA, USA},
}


@inproceedings{hhwz10,
  author    = {E. M. Hahn and
               H. Hermanns and
               B. Wachter and
               L. Zhang},
  title     = {{PARAM}: A Model Checker for Parametric Markov Models},
  booktitle = {CAV},
  year      = {2010},
  pages     = {660-664},
  bibsource = {DBLP, http://dblp.uni-trier.de}
}
  crossref  = {DBLP:conf/cav/2010},
  ee        = {http://dx.doi.org/10.1007/978-3-642-14295-6_56},


@inproceedings{hhw95,
  author    = {T. A. Henzinger and
               P. H. Ho and
               H. Wong-Toi},
  title     = {A User Guide to \hytech{}},
  booktitle = {TACAS},
  year      = {1995},
  pages     = {41-71},
  bibsource = {DBLP, http://dblp.uni-trier.de}
}

% author = {T. A. Henzinger and P. Ho and H. Wong-Toi},
% title = {A User Guide to \textsc{HyTech}},
% year = {1995},
% publisher = {Cornell University},
% address = {Ithaca, NY, USA},

@article{hhw97,
        author = {T. A. Henzinger and P. H. Ho and H. Wong-Toi},
        title = {HyTech: A Model Checker for Hybrid Systems},
        journal = {Software Tools for Technology Transfer},
        year = {1997},
        volume = {1},
        pages = {460--463}
}


@inproceedings{hkm08,
        author    = {T. Han and J.-P. Katoen and A. Mereacre},
        title     = {Approximate parameter synthesis for probabilistic time-bounded
reachability},
        booktitle = {Proc. RTSS'08},
        pages     = {173-182},
        publisher = {IEEE},
        year      = {2008},
}


@InProceedings{hknp06,
        author={A. Hinton and M. Kwiatkowska and G. Norman and D. Parker},
        title={{PRISM}: A Tool for Automatic Verification of Probabilistic Systems},
        booktitle={TACAS'06},
        year={2006},
        pages={441-444},
        publisher={Springer},
        series={LNCS},
        volume={3920},
}


@InProceedings{knp09,
        author={M. Kwiatkowska and G. Norman and D. Parker},
        title={Stochastic Games for Verification of Probabilistic Timed Automata},
        booktitle={FORMATS'09},
        year={2009},
        editor={J. Ouaknine and F. Vaandrager},
        pages={212--227},
        publisher={Springer},
        series={LNCS},
        volume={5813},
}


@article{knps06,
        author = {Kwiatkowska, M. and Norman, G. and Parker, D. and Sproston, J.},
        title = {Performance analysis of probabilistic timed automata using digital clocks},
        journal = {Form. Methods Syst. Des.},
        volume = {29},
        issue = {1},
        year = {2006},
        pages = {33--78},
        publisher = {Kluwer Academic Publishers},
} 
 month = {July},
 issn = {0925-9856},
 doi = {10.1007/s10703-006-0005-2},
 acmid = {1146484},
 address = {Hingham, MA, USA},
 keywords = {Digital clocks, Probabilistic model checking, Timed automata},
        numpages = {46},


@article{Hoare78,
        author = {Hoare, C.A.R.},
        title = {Communicating sequential processes},
        journal = {Commun. ACM},
        volume = {21},
        issue = {8},
        year = {1978},
        issn = {0001-0782},
        pages = {666--677},
        numpages = {12},
        publisher = {ACM},
} 
        address = {New York, NY, USA},

@book{Hoare85,
   author = {C.A.R. Hoare},
   publisher = {Prentice-Hall},
   series = {International Series in Computer Science},
   title = {{Communicating Sequential Processes}},
   year = {1985}
}



@article{hsny94,
        author    = {T. A. Henzinger and X. Nicollin and J. Sifakis and S. Yovine},
        title     = {Symbolic Model Checking for Real-Time Systems},
        journal   = {Inf. Comput.},
        volume    = {111},
        number    = {2},
        year      = {1994},
        pages     = {193-244},
        bibsource = {DBLP, http://dblp.uni-trier.de}
}


@book{holzmann03,
        author = {Holzmann, Gerard},
        year = {2003},
        title = {The \spin{} model checker: primer and reference manual},
        isbn = {0-321-22862-6},
        publisher = {Addison-Wesley Professional},
}

@book{howard60,
AUTHOR="R. A. Howard",
TITLE="Dynamic Programming and Markov Processes",
PUBLISHER="John Wiley and Sons, Inc.",
YEAR=1960,
}



% OUTDATED
% inproceedings{hrsv01,
 author = {T. Hune and J. Romijn and M. Stoelinga and F. W. Vaandrager},
 title = {Linear Parametric Model Checking of Timed Automata},
 booktitle = {TACAS '01},
 year = {2001},
 isbn = {3-540-41865-2},
 pages = {189--203},
 publisher = {Springer-Verlag},

 }

@article{hrsv02,
        author =        {T.S. Hune and J.M.T. Romijn and M.I.A. Stoelinga and F.W.
Vaandrager},
        title =         {Linear Parametric Model Checking of Timed Automata},
        journal =       {Journal of Logic and Algebraic Programming},
        editor =        {H. Hermanns and J.-P. Katoen},
        year =          2002,
}


@inproceedings{hsll97,
 author = {Havelund, K. and Skou, A. and Larsen, K.G. and Lund, K.},
 title = {Formal modeling and analysis of an audio/video protocol: an industrial
case study using UPPAAL},
 booktitle = {RTSS '97: Proceedings of the 18th IEEE Real-Time Systems Symposium},
 year = {1997},
 isbn = {0-8186-8268-X},
 pages = {2},
 publisher = {IEEE Computer Society},
 address = {Washington, DC, USA},
 }


@inproceedings{hw96,
 author = {Henzinger, T. A. and Wong-Toi, H. },
 title = {Using \textsc{HyTech} to Synthesize Control Parameters for a Steam Boiler},
   booktitle = {Formal Methods for Industrial Applications: Specifying and
Programming the Steam Boiler Control, LNCS 1165},
 year = {1996},
 isbn = {3-540-61929-1},
 publisher = {Springer-Verlag},
 }
 pages = {265--282},
 address = {London, UK},



%%%%%%%%%%%%%%%%%%%%%%%%%%%%%%%%%%%%%%%%%%%%%%%%%%%%%%%%%%%%
                             I
%%%%%%%%%%%%%%%%%%%%%%%%%%%%%%%%%%%%%%%%%%%%%%%%%%%%%%%%%%%%


%%%%%%%%%%%%%%%%%%%%%%%%%%%%%%%%%%%%%%%%%%%%%%%%%%%%%%%%%%%%
                             J
%%%%%%%%%%%%%%%%%%%%%%%%%%%%%%%%%%%%%%%%%%%%%%%%%%%%%%%%%%%%


@inproceedings{Jen96,
        author =        {H.E. Jensen},
        title =         {Model checking probabilistic real time systems},
        booktitle =     {Proc. of the 7th Nordic Work.\ on Progr.\ Theory},
        editor =        {},
        volume =        {},
        publisher =     {Chalmers Institute of Technology},
        year =          1996
}
%             pages =         {247--261},


@inproceedings{JKWC07,
        author = {Jha, S.K. and Krogh, B.H. and Weimer, J.E. and Clarke, E.M.},
        title = {Reachability for linear hybrid automata using iterative relaxation
abstraction},
        booktitle = {HSCC'07},
        year = {2007},
        pages = {287--300},
        publisher = {Springer-Verlag},
} 
        booktitle = {Proceedings of the 10th international conference on Hybrid systems:
computation and control},
        isbn = {978-3-540-71492-7},
        location = {Pisa, Italy},
        numpages = {14},
        series = {HSCC'07},
        url = {http://portal.acm.org/citation.cfm?id=1760804.1760830},
        address = {Berlin, Heidelberg},

        
@inproceedings{jm09,
  author =    {Jeannet, B{.} and Min\'e, A{.}},
  title =     {Apron: A Library of Numerical Abstract Domains for Static Analysis},
  pages =     {661--667},
  volume =    {5643},
  year =      {2009},
  booktitle = {CAV '09},
  series =    {LNCS},
  publisher = {Springer},
}
  booktitle = {Proc. of the 21th Int. Conf. on Computer Aided Verification (CAV 2009)},
  series =    {LNCS},
  note =      {\url{http://www.di.ens.fr/~mine/publi/article-mine-jeannet-cav09.pdf}}
  month =     {June},
  address =   {Grenoble, France},




%%%%%%%%%%%%%%%%%%%%%%%%%%%%%%%%%%%%%%%%%%%%%%%%%%%%%%%%%%%%
                             K
%%%%%%%%%%%%%%%%%%%%%%%%%%%%%%%%%%%%%%%%%%%%%%%%%%%%%%%%%%%%




@Book{ kmst59,
author = { Kemeny, J. and Mirkil, H. and Snell, J. and Thompson, G.},
title = { Finite mathematical structures },
publisher = { Prentice-Hall, Englewood Cliffs, N.J.},
pages = { 1 v. },
year = { 1959 },
type = { Book },
language = { English },
subjects = { Mathematical analysis; Algebra, Universal },
life-dates = { 1959 -  },
catalogue-url = { http://nla.gov.au/nla.cat-vn2526013 },
}




@inproceedings{kmy02,
 author = {T. Yoneda and T. Kitai and C. J. Myers},
 title = {Automatic Derivation of Timing Constraints by Failure Analysis},
 booktitle = {CAV'02},
 year = {2002},
 isbn = {3-540-43997-8},
 pages = {195--208},
 publisher = {Springer-Verlag},
 }
% address = {London, UK},

@INPROCEEDINGS{kns02,
author = {M. Kwiatkowska and G. Norman and J. Sproston},
title = {Probabilistic model checking of the {IEEE} 802.11 wireless local area
network protocol},
booktitle = {Proc. PAPM/PROBMIV'02},
volume = {2399},
series = {LNCS},
year = {2002},
pages = {169--187},    publisher = {Springer}
}

@Article{kns03,
author={M. Kwiatkowska and G. Norman and J. Sproston},
title={Probabilistic Model Checking of Deadline Properties in the {IEEE 1394
FireWire} Root Contention Protocol},
journal={Formal Aspects of Computing},
year={2003},

volume={14},
number={3},
pages={295--318},
note={},
key={}
}


@article{knss02,
        author={M. Kwiatkowska and G. Norman and R. Segala and J. Sproston},
        title={Automatic Verification of Real-time Systems with Discrete Probability
Distributions},
        journal={Theoretical Computer Science},
        year={2002},
        volume={282},
        pages={101-150},
        number={},
        note={},
        key={}
}


-- inproceedings{knsw04,
  author    = {M. Kwiatkowska and
               G. Norman and
               J. Sproston and
               F. Wang},
  title     = {Symbolic Model Checking for Probabilistic Timed Automata},
  booktitle = {FORMATS/FTRTFT},
  year      = {2004},
  pages     = {293-308},
}

@article{knsw07,
author={M. Kwiatkowska and G. Norman and J. Sproston and F. Wang},
title={Symbolic Model Checking for Probabilistic Timed Automata},
journal={Information and Computation},
year={2007},
volume={205},
number={7},
pages={1027-1077},
month={},
note={},
key={}
}


@inproceedings{kp10,
        author = {M. Knapik and W. Penczek},
        title = {Bounded Model Checking for Parametric Time Automata},
        booktitle = {SUMo'10},
        year = {2010},
}


@Book{ksk66,
author={J. G. Kemeny and J. L. Snell and A. W Knapp},
title={Denumerable Markov Chains},
publisher={Springer},
series={Graduate Texts in Mathematics},
edition={2nd},
year={1976}
}




%%%%%%%%%%%%%%%%%%%%%%%%%%%%%%%%%%%%%%%%%%%%%%%%%%%%%%%%%%%%
                             L
%%%%%%%%%%%%%%%%%%%%%%%%%%%%%%%%%%%%%%%%%%%%%%%%%%%%%%%%%%%%


@article{Lamport94,
        author    = {Leslie Lamport},
        title     = {The Temporal Logic of Actions},
        journal   = {ACM Trans. Program. Lang. Syst.},
        volume    = {16},
        number    = {3},
        year      = {1994},
        pages     = {872-923},
        ee        = {http://doi.acm.org/10.1145/177492.177726},
        bibsource = {DBLP, http://dblp.uni-trier.de}
}


@article{lmt07,
 author = {Lanotte, R. and Maggiolo-Schettini, A. and Troina, A.},
 title = {Parametric probabilistic transition systems for system design and analysis},
 journal = {Form. Asp. Comput.},
 volume = {19},
 number = {1},
 year = {2007},
 issn = {0934-5043},
 pages = {93--109},
 doi = {http://dx.doi.org/10.1007/s00165-006-0015-2},
 publisher = {Springer-Verlag},
 }
 address = {London, UK},

 
 
@inproceedings{LPPRC10,
  author    = {Thi Le and
               Luigi Palopoli and
               Roberto Passerone and
               Yusi Ramadian and
               Alessandro Cimatti},
  title     = {Parametric analysis of distributed firm real-time systems:
               A case study},
  booktitle = {ETFA},
  year      = {2010},
  pages     = {1-8},
}
        Thi Thieu Hoa Le 
  ee        = {http://doi.ieeecomputersociety.org/10.1109/ETFA.2010.5641315},
  crossref  = {DBLP:conf/etfa/2010},
  bibsource = {DBLP, http://dblp.uni-trier.de}

@article{ lpy97,
    author = "K.G. Larsen and P. Pettersson and W. Yi",
    title = "\uppaal{} in a Nutshell",
    journal = "International Journal on Software Tools for Technology Transfer",
    volume = "1",
    number = "1-2",
    pages = "134-152",
    year = "1997"
}


@inproceedings{lpz85,
        author    = {O. Lichtenstein and
                                A. Pnueli and
                                L. D. Zuck},
        title     = {The Glory of the Past},
        booktitle = {Logic of Programs},
        year      = {1985},
        pages     = {196-218},
        bibsource = {DBLP, http://dblp.uni-trier.de}
}


@inproceedings{lrst09,
        AUTHOR = {D. Lime and O. H. Roux and C. Seidner and L.-M. Traonouez},
        booktitle = {TACAS},
        PUBLISHER = {Springer},
        SERIES = {LNCS},
        VOLUME = {5505},
        PAGES = {54-57},
        TITLE = {Romeo: A Parametric Model-Checker for {Petri} Nets with Stopwatches},
        YEAR = 2009,
}
        ADDRESS = {York, United Kingdom},
        EDITOR = {Stefan Kowalewski and Anna Philippou},
        booktitle = {15th International Conference on Tools and Algorithms for the
Construction and Analysis of Systems (TACAS 2009)},
        MONTH = MAR,
        CATEGORY = {intc}


@article{lv95,
        author = {Lynch,, N. and Vaandrager,, F.},
        title = {Forward and backward simulations I.: untimed systems},
        journal = {Inf. Comput.},
        volume = {121},
        number = {2},
        year = {1995},
        issn = {0890-5401},
        pages = {214--233},
        doi = {http://dx.doi.org/10.1006/inco.1995.1134},
        publisher = {Academic Press, Inc.},
        address = {Duluth, MN, USA},
}


@inproceedings{ly93,
        author    = {K.G. Larsen and
                                W. Yi},
        title     = {Time Abstracted Bisimiulation: Implicit Specifications and Decidability},
        booktitle = {MFPS},
        year      = {1993},
        pages     = {160-176},
}



%%%%%%%%%%%%%%%%%%%%%%%%%%%%%%%%%%%%%%%%%%%%%%%%%%%%%%%%%%%%
                             M
%%%%%%%%%%%%%%%%%%%%%%%%%%%%%%%%%%%%%%%%%%%%%%%%%%%%%%%%%%%%


@book{McMillan93,
        author = {Kenneth L. McMillan},
        publisher = {Kluwer Academic Publishers},
        title = {Symbolic Model Checking},
        year = {1993}
}


@phdthesis{Merlin74,
        author = {Merlin, Philip Meir},
        title = {A study of the recoverability of computing systems.},
        year = {1974},
        school = {University of California, Irvine},
}


@inproceedings{mp95,
 author = {O. Maler and A. Pnueli},
 title = {Timing analysis of asynchronous circuits using timed automata},
 booktitle = {CHARME '95},
 year = {1995},
 isbn = {3-540-60385-9},
 pages = {189--205},
 publisher = {Springer-Verlag},
 }
% address = {London, UK},


@book{mt93,
        author = {Meyn, S. P.  and Tweedie, R. L. },
        citeulike-article-id = {3860697},
        keywords = {phd},
        priority = {0},
        publisher = {Springer--Verlag},
        title = {Markov chains and stochastic stability},
        year = {1993}
}


@inproceedings{my96,
        author = {Maler, O. and Yovine, S.},
        title = {Hardware timing verification using KRONOS},
        booktitle = {ICCSSE '96: Proceedings of the 7th Israeli Conference on
Computer-Based Systems and Software Engineering},
        year = {1996},
        isbn = {0-8186-7536-5},
        pages = {23},
        publisher = {IEEE Computer Society},
        address = {Washington, DC, USA},
}




%%%%%%%%%%%%%%%%%%%%%%%%%%%%%%%%%%%%%%%%%%%%%%%%%%%%%%%%%%%%
                             N
%%%%%%%%%%%%%%%%%%%%%%%%%%%%%%%%%%%%%%%%%%%%%%%%%%%%%%%%%%%%


@book{nnhh99,
 author = {Nielson, F. and Nielson, H. R. and Hankin, C.},
 title = {Principles of Program Analysis},
 year = {1999},
 isbn = {3540654100},
 publisher = {Springer-Verlag New York, Inc.},
 address = {Secaucus, NJ, USA},
 }


@ARTICLE{nsy92,
    author = {X. Nicollin and J. Sifakis and S. Yovine},
    title = {Compiling Real-Time Specifications into Extended Automata},
    journal = {IEEE Trans. on Software Engineering},
    year = {1992},
    volume = {18},
    pages = {794--804}
}




%%%%%%%%%%%%%%%%%%%%%%%%%%%%%%%%%%%%%%%%%%%%%%%%%%%%%%%%%%%%
                             O
%%%%%%%%%%%%%%%%%%%%%%%%%%%%%%%%%%%%%%%%%%%%%%%%%%%%%%%%%%%%

@article{ow03,
        author = {Ouaknine, J. and Worrell, J.},
        title = {Timed {CSP} = Closed Timed $\epsilon$-automata},
        journal = {Nordic J. of Computing},
        volume = {10},
        issue = {2},
        year = {2003},
        issn = {1236-6064},
        pages = {99--133},
        numpages = {35},
        acmid = {941347},
        publisher = {Publishing Association Nordic Journal of Computing},
} 
        address = {, Finland},
        month = {May},

@inproceedings{OW03b,
        author = {Ouaknine, J. and Worrell, J.},
        title = {Revisiting Digitization, Robustness, and Decidability for Timed Automata},
        booktitle = {LICS'03},
        year = {2003},
        isbn = {0-7695-1884-2},
        pages = {198--},
        publisher = {IEEE Computer Society},
} 
        address = {Washington, DC, USA},
Proceedings of the 18th Annual IEEE Symposium on Logic in Computer Science


%%%%%%%%%%%%%%%%%%%%%%%%%%%%%%%%%%%%%%%%%%%%%%%%%%%%%%%%%%%%
                             P
%%%%%%%%%%%%%%%%%%%%%%%%%%%%%%%%%%%%%%%%%%%%%%%%%%%%%%%%%%%%


@inproceedings{pbbm98,
 author = {Paleologo,, G. A. and Benini,, L. and Bogliolo,, A. and De Micheli,, G.},
 title = {Policy optimization for dynamic power management},
 booktitle = {{DAC} '98},
 year = {1998},
 isbn = {0-89791-964-5},
 pages = {182--187},
 publisher = {ACM},
 address = {New York, NY, USA},
 }


@phdthesis {Petri62,
        TITLE = { Kommunikation mit Automaten },
        AUTHOR = { Carl Adam Petri },
        SCHOOL = { Institut f{\"u}r Instrumentelle Mathematik},
        YEAR = { 1962},
}


@inproceedings{Pnueli77,
 author = {Pnueli, Amir},
 title = {The temporal logic of programs},
 booktitle = {SFCS'77},
 year = {1977},
 pages = {46--57},
 publisher = {IEEE Computer Society},
 }
 address = {Washington, DC, USA},
: Proceedings of the 18th Annual Symposium on Foundations of Computer Science
 doi = {http://dx.doi.org/10.1109/SFCS.1977.32},


@book{pp06,
        author = {Penczek, W. and P\'{o}lrola, A.},
        title = {Advances in Verification of Time Petri Nets and Timed Automata: A Temporal
Logic Approach (Studies in Computational Intelligence)},
        year = {2006},
        isbn = {3540328696},
        publisher = {Springer-Verlag New York, Inc.},
        address = {Secaucus, NJ, USA},
}


@article{Puri00,
        author = {Puri, Anuj},
        title = {Dynamical Properties of Timed Automata},
        journal = {Discrete Event Dynamic Systems},
        volume = {10},
        number = {1-2},
        year = {2000},
        issn = {0924-6703},
        pages = {87--113},
        doi = {http://dx.doi.org/10.1023/A:1008387132377},
        publisher = {Kluwer Academic Publishers},
        address = {Hingham, MA, USA},
}



%%%%%%%%%%%%%%%%%%%%%%%%%%%%%%%%%%%%%%%%%%%%%%%%%%%%%%%%%%%%
                             Q
%%%%%%%%%%%%%%%%%%%%%%%%%%%%%%%%%%%%%%%%%%%%%%%%%%%%%%%%%%%%


@inproceedings{QDC03,
        author    = {S. Qin and
               J.S. Dong and
               W.-N. Chin},
        title     = {A Semantic Foundation for {TCOZ} in Unifying Theories of Programming},
        booktitle = {FME},
        year      = {2003},
        pages     = {321-340},
}


@inproceedings{qwp99,
        author = {Qiu, Q. and Wu,, Q. and Pedram, M.},
        title = {Stochastic modeling of a power-managed system: construction and
optimization},
        booktitle = {ISLPED '99},
        year = {1999},
        pages = {194--199},
        location = {San Diego, California, United States},
        publisher = {ACM},
        address = {New York, NY, USA},
}




%%%%%%%%%%%%%%%%%%%%%%%%%%%%%%%%%%%%%%%%%%%%%%%%%%%%%%%%%%%%
                             R
%%%%%%%%%%%%%%%%%%%%%%%%%%%%%%%%%%%%%%%%%%%%%%%%%%%%%%%%%%%%


@inproceedings{RM94,
        author    = {T. Rokicki and
                                C.J. Myers},
        title     = {Automatic Verification of Timed Circuits},
        booktitle = {CAV'94},
        year      = {1994},
        pages     = {468-480},
        ee        = {http://dx.doi.org/10.1007/3-540-58179-0_76},
}


@ARTICLE{roc05,
        author = {R. Ramaswamy and J. B. Orlin and N. Chakravarti},
        title = {Sensitivity Analysis for Shortest Path Problems and Maximum Capacity Path
Problems in Undirected Graphs},
        journal = {Math. Program., Ser. A},
        year = {2005},
        volume = {102},
        pages = {355--369}
}


@InProceedings{rsf08,
   author ={Ruel, S. and De Smet, O. Faure, J.-M.},
   title = {Efficient representation for formal verification of time performances of
networked automation architectures},
   booktitle ={Proc. of 17th IFAC World Congress},
   pages     = {5119-5124},
   month = jul,
   year ={2008},
}


@thesis{ruel09,
 author = {Ruel, Silvain},
 title = {\'Evaluation des bornes des performances temporelles des Architectures
d'Automatisation en R{\'e}seau par preuves it{\'e}ratives de propri{\'e}t{\'e}s
logiques},
 year = {2009},
 publisher = {LURPA, ENS Cachan},
        school = {Laboratoire Sp{\'e}cification et V{\'e}rification, ENS Cachan, France},
        type = {Th{\`e}se de doctorat},
}




%%%%%%%%%%%%%%%%%%%%%%%%%%%%%%%%%%%%%%%%%%%%%%%%%%%%%%%%%%%%
                             S
%%%%%%%%%%%%%%%%%%%%%%%%%%%%%%%%%%%%%%%%%%%%%%%%%%%%%%%%%%%%


@book{s86,
 author = {Alexander Schrijver},
 title = {Theory of linear and integer programming},
 year = {1986},
 publisher = {John Wiley \& Sons, Inc.},
 address = {New York, NY, USA},
 }

@unpublished{sb03,
      author =     {Stachniss, L. and Burgard, W.},
      note =     {Course notes, University Freiburg, Germany},
      title =     {The Markov Decision Problem - Autonomous Mobile Systems},
      url =
{http://ais.informatik.uni-freiburg.de/teaching/ss03/ams/DecisionProblems.pdf},
      year =     {2003},
}


@Book{Schneider00,
        author        = "S. Schneider",
        title         = {{Concurrent and Real-time Systems}},
        publisher     = "John Wiley and Sons",
        year          = "2000"
}


@phdthesis{seg95,
        author={Roberto Segala},
        title={Modeling and Verification of Randomized Distributed Real-Time Systems},
        school={Massachusetts Institute of Technology},
        year={1995},
}


@article{SGL97,
 author = {Sun, Jun and Gardner, Mark K. and Liu, Jane W. S.},
 title = {Bounding Completion Times of Jobs with Arbitrary Release Times,
Variable Execution Times, and Resource Sharing},
 journal = {IEEE Trans. Softw. Eng.},
 volume = {23},
 issue = {10},
 year = {1997},
 issn = {0098-5589},
 pages = {603--615},
 numpages = {13},
 acmid = {271012},
 publisher = {IEEE Press},
}
 url = {http://dx.doi.org/10.1109/32.637144},
 doi = {http://dx.doi.org/10.1109/32.637144},
 address = {Piscataway, NJ, USA},
 keywords = {Real-time systems, schedulability analysis, precedence
constraints, resource sharing.},
 month = {October},

 
@techreport{SLDLS11,
        author    = {J. Sun and
                Y. Liu and
                J. S. Dong and
                Y. Liu and
                L. Shi and 
                \'E. Andr\'e
        },
        title     = {{Stateful Timed CSP}},
        institution = {NUS},
        type = {Research report},
        year      = {2011},
        note      = {Available on \url{http://www.comp.nus.edu.sg/~pat/rts/paper.pdf}},
}


@inproceedings{SLDP09,
        author    = {J. Sun and Y. Liu and J. S. Dong and J. Pang},
        title     = {{PAT}: Towards Flexible Verification under Fairness},
        booktitle = {CAV'09},
        year      = {2009},
        publisher = {Springer},
        series    = {LNCS},
        volume    = {5643},
}
        series    = {Lecture Notes in Computer Science},


@inproceedings{sldz09,
        author    = {J. Sun and
               Y. Liu and
               J.S. Dong and
               X. Zhang},
        title     = {{Verifying Stateful Timed CSP Using Implicit Clocks and Zone
Abstraction}},
        booktitle = {ICFEM'09},
        year      = {2009},
        pages     = {581-600},
        publisher = {Springer},
        series    = {LNCS},
        volume    = {5885},
}


@unpublished{soulat10,
        author = {Romain Soulat},
        title = {Analysis of the Bounded Retransmission Protocol using {IMITATOR II}},
        month = June,
        year = 2010
}

@techreport{Soulat12,
        author = {Romain Soulat},
        title = {Scheduling with {IMITATOR}: Some Case Studies},
          institution =        {Laboratoire Sp{\'e}cification et V{\'e}rification, France},
          note = {Available on
\url{www.lsv.ens-cachan.fr/Publis/RAPPORTS_LSV/PDF/rr-lsv-2012-05.pdf}},
          number = {LSV-12-05},
          type =        {Research Report},
        month = {March},
          url =        {http://www.lsv.ens-cachan.fr/Publis/RAPPORTS_LSV/PDF/rr-lsv-2012-05.pdf},
        year = 2012
}



@mastersthesis{soulat10b,
        author =    {Soulat, Romain},
        school =    {{M}aster 2 {R}echerche {I}nformatique {P}aris {S}ud~11},
        type =    {Rapport de {M}aster},
        title =    {Am{\'e}liorations algorithmiques d'un moteur de model-checking et
{\'e}tudes de cas},
        url =    {http://www.lsv.ens-cachan.fr/Publis/PAPERS/PDF/soulat-m2.pdf},
        year =    {2010},
}
     month =    sep,


@techreport{soulat10c,
        author = {Romain Soulat},
          institution =        {Laboratoire Sp{\'e}cification et V{\'e}rification, ENS Cachan,
France},
          month = nov,
          number = {LSV-10-22},
          title =        {On Properties of the Inverse Method: Commutation of Instantiation},
          type =        {Research Report},
          url =        {http://www.lsv.ens-cachan.fr/},
          year =        {2010},
}


@phdthesis{spr01,
        author={Jeremy Sproston},
        title={Model Checking for Probabilistic Timed and Hybrid Systems},
        school={School of Computer Science, University of Birmingham},
        year=2001}


@article{ss01,
    author = "D. Simons and M. Stoelinga",
    title = "Mechanical verification of the {IEEE 1394a Root Contention Protocol}
using \textsc{Uppaal}2k",
    journal = "International Journal on Software Tools for Technology Transfer",
    volume = "3",
    number = "4",
    pages = "469-485",
    year = "2001"}




%%%%%%%%%%%%%%%%%%%%%%%%%%%%%%%%%%%%%%%%%%%%%%%%%%%%%%%%%%%%
                             T
%%%%%%%%%%%%%%%%%%%%%%%%%%%%%%%%%%%%%%%%%%%%%%%%%%%%%%%%%%%%


@inproceedings{tlr08,
        author = {Traonouez, L.-M. and Lime, D. and Roux, O. H.},
        title = {Parametric Model-Checking of Time Petri Nets with Stopwatches Using the
State-Class Graph},
        booktitle = {FORMATS '08},
        year = {2008},
        isbn = {978-3-540-85777-8},
        pages = {280--294},
        doi = {http://dx.doi.org/10.1007/978-3-540-85778-5_20},
        publisher = {Springer-Verlag},
}
        address = {Berlin, Heidelberg},
        : Proceedings of the 6th international conference on Formal Modeling and Analysis
of Timed Systems
        location = {Saint Malo, France},


@inproceedings{Tripakis99,
        author    = {Stavros Tripakis},
        title     = {Verifying Progress in Timed Systems},
        booktitle = {5th International AMAST Workshop ARTS on Formal Methods for Real-Time
and Probabilistic Systems},
        year      = {1999},
        pages     = {299-314},
        publisher = {Springer},
        series    = {LNCS},
        volume    = {1601},
}
        series    = {Lecture Notes in Computer Science},



@inproceedings{ty96,
        author = {S. Tripakis and S. Yovine},
        title = {Analysis of Timed Systems Based on Time-Abstracting Bisimulation},
        booktitle = {{CAV} '96},
        year = {1996},
        isbn = {3-540-61474-5},
        pages = {232--243},
        publisher = {Springer-Verlag},
        address = {London, UK},
}


@inproceedings{ty98,
        author    = {S. Tripakis and S. Yovine},
        title     = {Verification of the Fast Reservation Protocol with Delayed
Transmission using the Tool Kronos},
        booktitle = {IEEE Real Time Technology and Applications Symposium},
        year      = {1998},
        pages     = {165-},
        ee        = {http://dlib.computer.org/conferen/rtas/8569/pdf/85690165.pdf},
        bibsource = {DBLP, http://dblp.uni-trier.de}
}


@article{ty01,
        author = {Tripakis, S. and Yovine, S.},
        title = {Analysis of Timed Systems Using Time-Abstracting Bisimulations},
        journal = {Formal Methods in System Design},
        volume = {18},
        number = {1},
        year = {2001},
        issn = {0925-9856},
        pages = {25--68},
        doi = {http://dx.doi.org/10.1023/A:1008734703554},
        publisher = {Kluwer Academic Publishers},
 }
 address = {Hingham, MA, USA},




%%%%%%%%%%%%%%%%%%%%%%%%%%%%%%%%%%%%%%%%%%%%%%%%%%%%%%%%%%%%
                             U
%%%%%%%%%%%%%%%%%%%%%%%%%%%%%%%%%%%%%%%%%%%%%%%%%%%%%%%%%%%%


%%%%%%%%%%%%%%%%%%%%%%%%%%%%%%%%%%%%%%%%%%%%%%%%%%%%%%%%%%%%
                             V
%%%%%%%%%%%%%%%%%%%%%%%%%%%%%%%%%%%%%%%%%%%%%%%%%%%%%%%%%%%%


%%%%%%%%%%%%%%%%%%%%%%%%%%%%%%%%%%%%%%%%%%%%%%%%%%%%%%%%%%%%
                             W
%%%%%%%%%%%%%%%%%%%%%%%%%%%%%%%%%%%%%%%%%%%%%%%%%%%%%%%%%%%%


@article{wang05,
        author= {Farn Wang},
        title = {Symbolic Parametric Safety Analysis of Linear Hybrid Systems with
{BDD}-Like Data-Structures},
        journal = {IEEE Trans. Softw. Eng.},
        volume = {31},
        number = {1},
        year = {2005},
        issn = {0098-5589},
        pages = {38--51},
        publisher = {IEEE Press},
        address = {Piscataway, NJ, USA},
}


@inproceedings{wang06,
        author    = {Farn Wang},
        title     = {{REDLIB} for the Formal Verification of Embedded Systems},
        booktitle = {ISoLA},
        year      = {2006},
        pages     = {341-346},
        bibsource = {DBLP, http://dblp.uni-trier.de}
}
  ee        = {http://dx.doi.org/10.1109/ISoLA.2006.68},
  crossref  = {DBLP:conf/isola/2006},


@article{wee+08,
        author = {Wilhelm, R. and Engblom, J. and Ermedahl, A. and Holsti, N. and Thesing,
S. and Whalley, D. and Bernat, G. and Ferdinand, C. and Heckmann, R. and Mitra, T.
and Mueller, F. and Puaut, I. and Puschner, P. and Staschulat, J. and
Stenstr\"{o}m, Per},
        title = {The worst-case execution-time problem---overview of methods and survey of
tools},
        journal = {ACM Trans. Embed. Comput. Syst.},
        volume = {7},
        number = {3},
        year = {2008},
        issn = {1539-9087},
        pages = {1--53},
        doi = {http://doi.acm.org/10.1145/1347375.1347389},
        publisher = {ACM},
        address = {New York, NY, USA},
}


@inproceedings{wy03,
        author    = {F. Wang and H.C. Yen},
        title     = {Timing Parameter Characterization of Real-Time Systems},
        booktitle = {CIAA '03},
        series    = {LNCS},
        volume    = {2759},
        year      = {2003},
        pages     = {23-34},
}




%%%%%%%%%%%%%%%%%%%%%%%%%%%%%%%%%%%%%%%%%%%%%%%%%%%%%%%%%%%%
                             X
%%%%%%%%%%%%%%%%%%%%%%%%%%%%%%%%%%%%%%%%%%%%%%%%%%%%%%%%%%%%


%%%%%%%%%%%%%%%%%%%%%%%%%%%%%%%%%%%%%%%%%%%%%%%%%%%%%%%%%%%%
                             Y
%%%%%%%%%%%%%%%%%%%%%%%%%%%%%%%%%%%%%%%%%%%%%%%%%%%%%%%%%%%%

@article{yl97,
        author = {Yannakakis, M. and Lee, D.},
        title = {An Efficient Algorithm for Minimizing Real-Time Transition Systems},
        journal = {Form. Methods Syst. Des.},
        volume = {11},
        issue = {2},
        year = {1997},
        issn = {0925-9856},
        pages = {113--136},
        doi = {10.1023/A:1008621829508},
        acmid = {262367},
        publisher = {Kluwer Academic Publishers},
        address = {Hingham, MA, USA},
}
 keywords = {bisimulation, minimization, timed systems, transition systems,
verification},
 month = {August},
 numpages = {24},


@article{Yovine97,
  author    = {Sergio Yovine},
  title     = {KRONOS: A Verification Tool for Real-Time Systems},
  journal   = {STTT},
  volume    = {1},
  number    = {1-2},
  year      = {1997},
  pages     = {123-133},
  ee        =
{http://link.springer.de/link/service/journals/10009/bibs/7001001/70010123.htm},
  bibsource = {DBLP, http://dblp.uni-trier.de}
}




%%%%%%%%%%%%%%%%%%%%%%%%%%%%%%%%%%%%%%%%%%%%%%%%%%%%%%%%%%%%
                             Z
%%%%%%%%%%%%%%%%%%%%%%%%%%%%%%%%%%%%%%%%%%%%%%%%%%%%%%%%%%%%


@inproceedings{zc05,
        author = {Zhang, D. and Cleaveland, R.},
        title = {Fast On-the-Fly Parametric Real-Time Model Checking},
        booktitle = {RTSS '05: Proceedings of the 26th IEEE International Real-Time Systems
Symposium},
        year = {2005},
        isbn = {0-7695-2490-7},
        pages = {157--166},
        doi = {http://dx.doi.org/10.1109/RTSS.2005.22},
        publisher = {IEEE Computer Society},
        address = {Washington, DC, USA},
}



%%%%%%%%%%%%%%%%%%%%%%%%%%%%%%%%%%%%%%%%%%%%%%%%%%%%%%%%%%%%
                         STANDARDS
%%%%%%%%%%%%%%%%%%%%%%%%%%%%%%%%%%%%%%%%%%%%%%%%%%%%%%%%%%%%

@misc{CSMACD2002,
    title = {{IEEE} 802.3-2002: Carrier sense multiple access with collision
detection ({CSMA/CD}) Standard},
    year = {2002}
}
    booktitle = {IEEE Std 802.3-2002},
    journal = {IEEE Std 802.3-2002},




%%%%%%%%%%%%%%%%%%%%%%%%%%%%%%%%%%%%%%%%%%%%%%%%%%%%%%%%%%%%
                            WEB
%%%%%%%%%%%%%%%%%%%%%%%%%%%%%%%%%%%%%%%%%%%%%%%%%%%%%%%%%%%%

@misc{graphviz-web,
        author = {\graphviz{} Web page},
        howpublished = {\url{http://www.graphviz.org/}}
}

@misc{plot_web,
        author = {\plot{} Web page},
        howpublished = {\url{http://www.gnuplot.info/}}
}

@misc{prism_web,
        author = {\prism{} Web page},
        title = {Prism Web page},
        title = {\url{http://www.prismmodelchecker.org/}}
}

@misc{python-web,
        author = {\python{} Web page},
        howpublished = "\url{http://www.python.org/}"
}

@misc{vhdlta-web,
        author = {\vhdlta{} Web page},
        howpublished = {\url{http://www.lsv.ens-cachan.fr/~encrenaz/valmem/vhdl2hytech/}}
}




