@inproceedings{ACHH92,
	author    = {Rajeev Alur and
			Costas Courcoubetis and
			Thomas A. Henzinger and
			Pei-Hsin Ho},
	title     = {Hybrid Automata: An Algorithmic Approach to the Specification and Verification of Hybrid Systems},
	booktitle = {Hybrid Systems 1992},
	year      = {1993},
	pages     = {209-229},
	ee        = {http://dx.doi.org/10.1007/3-540-57318-6_30},
	editor    = {Robert L. Grossman and
			Anil Nerode and
			Anders P. Ravn and
			Hans Rischel},
	bibsource = {DBLP, http://dblp.uni-trier.de},
	publisher = {Springer},
	series    = {Lecture Notes in Computer Science},
	volume    = {736},
}


@inproceedings{AF10,
  	address =	{Brno, Czech Republic},
  	author =	{Andr{\'e}, {\'E}tienne and Fribourg, Laurent},
  	booktitle =	{{P}roceedings of the 4th {W}orkshop on {R}eachability {P}roblems in {C}omputational {M}odels ({RP}'10)},
  	DOI =	{10.1007/978-3-642-15349-5_5},
  	editor =	{Ku{\v c}era, Anton{\'\i}n and Potapov, Igor},
  	month =	aug,
  	pages =	{76-90},
  	publisher =	{Springer},
  	series =	{Lecture Notes in Computer Science},
  	title =	{Behavioral Cartography of Timed Automata},
  	url =	{http://www.lsv.ens-cachan.fr/Publis/PAPERS/PDF/AF-rp10.pdf},
  	volume =	{6227},
  	year =	{2010},
	lipn-category = {intc},
	lipn-time = {ant},
  	keywords = {intc},
}

@inproceedings{AFKS12,
  	address =	{Paris, France},
  	author =	{Andr{\'e}, {\'E}tienne and Fribourg, Laurent and K{\"u}hne, Ulrich and Soulat, Romain},
  	booktitle =	{{P}roceedings of the 18th {I}nternational {S}ymposium on {F}ormal {M}ethods ({FM}'12)},
  	editor =	{Giannakopoulou, Dimitra and M{\'e}ry, Dominique},
  	month =	aug,
	pages =	 {33-36},
  	publisher =	{Springer},
  	series =	{Lecture Notes in Computer Science},
  	title =	{{IMITATOR}~2.5: A~Tool for Analyzing Robustness in Scheduling Problems},
  	url =	{http://www.lsv.ens-cachan.fr/Publis/PAPERS/PDF/AFKS-fm12.pdf},
	volume =	{7436},
	year =	{2012},
   	lipn-category = "intc",
  	keywords = {intc},
}


@inproceedings{AFS12,
  	address =	{Norfolk, Virginia, USA},
  	author =	{Andr\'e, {\'E}tienne and Fribourg, Laurent and Soulat, Romain},
  	booktitle =	{{P}roceedings of the 4th {NASA} {F}ormal {M}ethods {S}ymposium ({NFM}'12)},
 	DOI =	{10.1007/978-3-642-28891-3_10}, 
 	editor =	{Goodloe, Alwyn and Person, Suzette},
  	month =	apr,
	pages =	{100-105}, 
	publisher =	{Springer},
  	series =	{Lecture Notes in Computer Science},
  	title =	{Enhancing the Inverse Method with State Merging},
  	url =	{http://www.lsv.ens-cachan.fr/Publis/PAPERS/PDF/AFS-nfm12.pdf},
  	volume =	{7226}, 
  	year =	{2012},
   	lipn-category = "intc",
  	keywords = {intc},
}


@inproceedings{AHV93,
	author = {Alur, Rajeev and Henzinger, Thomas A. and Vardi, Moshe Y.},
	title = {Parametric real-time reasoning},
	booktitle = {Proceedings of the twenty-fifth annual ACM symposium on Theory of computing},
	series = {STOC'93},
	year = {1993},
	isbn = {0-89791-591-7},
	location = {San Diego, California, United States},
	pages = {592--601},
	numpages = {10},
	publisher = {ACM},
	address = {New York, NY, USA},
} 



@inproceedings{AM02,
  	acronym =	{{TACAS}'02},
  	author =	{Adbedda{\"i}m, Yasmina and Maler, Oded},
  	booktitle =	{{P}roceedings of the 8th {I}nternational {C}onference on {T}ools and {A}lgorithms for {C}onstruction and {A}nalysis of {S}ystems ({TACAS}'02)},
  	editor =	{Katoen, Joost-Pieter and Stevens, Perdita},
  	month =	apr,
  	pages =	{113-126},
  	publisher =	{Springer-Verlag},
  	series =	{Lecture Notes in Computer Science},
  	title =	{Preemptive Job-Shop Scheduling using Stopwatch Automata},
  	volume =	{2280},
  	year =	{2002},
}

@book{AS13,
  	author = {Andr{\'e}, {\'E}tienne and Soulat, Romain},
  	isbn = {9781848214477},
  	note =	{176~pages},
  	publisher =	{ISTE Ltd and John Wiley \& Sons Inc.},
  	title =	{The Inverse Method},
  	year =	{2013},
  	lipn-category = "?",
  	keywords = {book},
}


@article{bhz08,
	Author = {R. Bagnara and P. M. Hill and E. Zaffanella},
	Title = {The {Parma Polyhedra Library}: Toward a Complete Set of Numerical Abstractions for the Analysis and Verification of Hardware and Software Systems},
	Journal = {Science of Computer Programming},
	Volume = 72,
	Number = {1--2},
	Pages = {3--21},
	Year = 2008,
}


@inproceedings{cgjlv00,
	author = {E. M. Clarke and O. Grumberg and S. Jha and Y. Lu and H. Veith},
	title = {Counterexample-Guided Abstraction Refinement},
	booktitle = {CAV'00},
	year = {2000},
	isbn = {3-540-67770-4},
	pages = {154--169},
	publisher = {Springer-Verlag},
 }


@book{hh07,
 author = {Harris, D. and Harris, S.},
 title = {Digital Design and Computer Architecture},
 year = {2007},
 isbn = {0123704979},
 publisher = {Morgan Kaufmann Publishers Inc.},
 address = {San Francisco, CA, USA},
}


 @misc{imitator,
  	author =	{{IMITATOR Team}},
  	number =	{v2.6},
  	title =	{{IMITATOR Web page}},
  	url =	{http://www.lsv.ens-cachan.fr/Software/imitator/},
  	year =	{2013},
  	lipn-category = "real",
}


@inproceedings{Markey11,
  	address =	{V{\"a}ster{\aa}s, Sweden},
  	author =	{Markey, Nicolas},
  	booktitle =	{{P}roceedings of the 6th {IEEE} {I}nternational {S}ymposium on {I}ndustrial {E}mbedded {S}ystems ({SIES}'11)},
  	DOI =	{10.1109/SIES.2011.5953652},
  	month =	jun,
  	pages =	{28-34},
  	publisher =	{{IEEE} Computer Society Press},
  	title =	{Robustness in Real-time Systems},
  	url =	{http://www.lsv.ens-cachan.fr/Publis/PAPERS/PDF/NM-sies11.pdf},
  	year =	{2011},
}
